4754 5940
399 740 667 824 Praenarrat.
699 750 760 818 888
854 727 859 732 ’
967 742 1198 832 Praeerat!
1230 777 1295 843 290
1535 758 1888 873 Praeposterum.
1917 787 1979 856 888

404 903 676 986 Praenestae.
703 913 764 980 888
969 902 1224 1020 Praeparat!
1250 931 1313 996 888
1358 983 1363 993 .
1534 923 1810 1036 Praeposuit.
1837 947 1900 1016 888

404 1061 691 1150 Ρ8888881811
720 1075 782 1146 888
967 1066 1216 1184 Praepedit.
1245 1093 1308 1160 888
1400 1087 1402 1096 “
1538 1085 1827 1200 Praepotens.
1856 1114 1919 1180 888

404 1229 700 1316 Praenomen.
731 1239 791 1308 885
969 1197 1183 1348 Praepes.
1212 1257 1275 1324 888
1537 1248 1862 1362 Praepudium!
1891 1279 1926 1349 ι)
1945 1278 2006 1344 888

404 1391 701 1478 Ρ8888881181.
727 1405 789 1472 888
968 1395 1307 1512 Praeplectiturl
1334 1417 1397 1486 888
1527 1406 1863 1530 Praeponam.
1889 1437 1950 1504 888
1980 1421 1986 1432 ”

403 1559 716 1671 Praeoccupat.
746 1573 785 1640 18
967 1562 1312 1676 Praeponam
1538 1573 1925 1664 Ρ888888111.8881

402 1807 410 1820 “
452 1803 487 1873 a)
519 1796 810 1882 Interpretatianem
832 1805 1025 1881 notaequae
1047 1797 1168 1861 alibro
1191 1799 1556 1888 118888888188818881,
1579 1809 1881 1904 haudintelligens,
1904 1831 2091 1910 Praeponam

519 1900 689 1986 significari
711 1901 831 1986 conjeci
851 1923 918 1964 nou
940 1902 1082 1968 obstante
1104 1903 1193 1967 litera
1213 1904 1265 1984 D,
1297 1907 1382 1988 quod
1407 1931 1425 1972 8
1447 1920 1591 1980 Pudendis
1612 1915 1743 1982 fortasse
1764 1921 1796 1985 id
1817 1947 1935 1990 nomen
1959 1929 2091 1996 dedum,

515 2005 582 2068 rint
604 2005 803 2070 collectionis
825 2018 978 2072 auctores.
1030 2011 1092 2074 Sed
1119 2013 1300 2092 videamus,
1328 2015 1469 2102 possitne
1491 2020 1551 2084 alio
1580 2025 1673 2088 etiam
1702 2029 1798 2093 modo
1824 2031 1973 2119 explicari
1998 2036 2091 2104 lectio

362 2179 374 2210 ι
502 2123 715 2197 'Praepudr‘um
771 2111 806 2176 ln
835 2113 1032 2178 Collectione
1059 2138 1126 2179 sese
1158 2118 1317 2204 excipiunt
1338 2132 1518 2206 Repudium,
1542 2139 1753 2213 Praepudium,
1776 2147 1965 2220 Tripodium:
1994 2165 2092 2229 quare

427 2294 433 2308 .
510 2221 606 2284 unius
628 2221 830 2308 ejusdemque
854 2221 984 2306 originis
1008 2231 1038 2282 et
1059 2233 1208 2308 cogrutae
1230 2223 1465 2310 significationis
1488 2231 1566 2296 haec
1592 2238 1722 2300 nomina
1744 2262 1812 2303 esse
1834 2244 1983 2332 colligere
2005 2248 2086 2312 11881.
2157 2279 2167 2288 ·

510 2325 661 2414 Quamvis
689 2326 773 2387 enim
797 2323 831 2385 in
851 2325 986 2388 diversas
1009 2328 1174 2390 8881881188
1197 2328 1285 2392 dubii
1306 2330 1420 2396 abeant
1441 2338 1611 2426 etymologi
1619 2365 1628 2422 3
1659 2342 1805 2428 equidem
1834 2369 1852 2408 a
1875 2348 1997 2414 Graeoo
2019 2351 2088 2426 Πές

507 2454 544 2495 88
571 2431 701 2492 nonina
728 2427 885 2514 originem
907 2431 1036 2494 traxisse
1067 2432 1214 2495 arbitror.
1268 2435 1362 2500 Certe
1383 2439 1555 2506 verborum
1580 2455 1739 2529 depectere,
1771 2458 1957 2532 Praepedire,
1983 2467 2089 2540 Tripu-

510 2550 592 2604 dr'ure
611 2537 677 2600 vim
698 2557 733 2596 ac
753 2543 937 2618 potestatem
958 2539 1012 2623 qui
1031 2537 1234 2624 intellexerit,
1256 2546 1381 2609 noverit
1402 2547 1495 2612 etiam
1515 2553 1682 2614 nominum
1702 2562 1881 2636 Repudium,
1902 2566 2088 2645 l'rr'pudium,

510 2651 722 2728 Praepudium
745 2637 1016 2726 significationem.
1059 2643 1093 2707 Si
1116 2646 1200 2710 enim
1222 2660 1391 2738 Praepedire
1412 2665 1458 2718 881
1479 2656 1650 2742 Impedi1·e;
1680 2669 1876 2744 Praepudr'um
1896 2642 1980 2728 idem
2003 2671 2089 2756 quod

508 2751 771 2839 impedimentum
799 2749 867 2812 8811.
910 2749 1031 2835 Quodsi
1060 2754 1149 2838 quis,
1175 2779 1215 2818 ne
1245 2757 1305 2820 hae
1325 2759 1452 2846 quidem
1483 2761 1687 2848 explicatione
1716 2777 1898 2849 contentus,
1928 2771 2085 2856 maluerit,

504 2858 659 2922 medicem
689 2857 788 2944 ipsius
817 2845 908 2920 notae
937 2858 1187 2920 emendationem
1208 2859 1298 2950 fieri,
1334 2865 1384 2944 ei,
1406 2888 1509 2952 prona
1530 2865 1636 2930 literae
1661 2869 1684 2931 P
1705 2869 1808 2958 figura
1829 2873 1958 2956 reficta,
1982 2877 2088 2966 legere

499 2961 613 3024 -licelrit
635 2971 912 3048 Propudium,'quo
934 2959 1088 3025 vocabulo
1110 2975 1204 3026 nauta
1225 2966 1325 3030 utitur
1345 2967 1429 3052 apud
1451 2967 1634 3034 Petronium
1656 2977 1764 3056 (99),
1792 3001 1916 3040 moram
1937 2979 2087 3070 Eumolpi

507 3068 633 3156 culpans
655 3067 704 3132 his
726 3069 849 3134 verbis:
873 3069 914 3133 Et
935 3070 1068 3134 moraris
1080 3115 1091 3148 ,
1114 3069 1293 3158 Eumolpe,
1316 3082 1475 3158 tamquam
1492 3087 1671 3160 propudium
1693 3079 1860 3168 (intelligo
1873 3094 1970 3165 fieri)
2000 3088 2089 3175 igno·

505 3197 564 3238 res.
586 3211 628 3225 ...
657 3173 746 3261 Quae
773 3173 901 3260 ¹quirlem
931 3171 1027 3238 verba
1057 3196 1155 3260 quum
1185 3175 1272 3240 haud
1295 3179 1365 3240 eatis
1389 3179 1539 3268 explicata
1563 3206 1630 3247 esse
1651 3187 1816 3254 videantur
1836 3213 1853 3252 a
1874 3191 1949 3255 viris
1972 3192 2089 3279 (1881185

507 3250 651 3372 edriidem
672 3281 757 3376 quod
779 3283 879 3344 sentio
903 3279 936 3343 in
958 3283 1097 3345 medium
1117 3281 1297 3367 proferam,
1319 3295 1407 3370 grate
1430 3298 1615 3374 accepturus
1626 3338 1636 3371 ,
1668 3292 1784 3380 siquis
1808 3293 1939 3359 meliora
1960 3322 2011 3361 me
2033 3301 2087 3364 do·

503 3387 595 3451 oebit.
639 3384 761 3450 llodedu
782 3385 910 3452 Graecis
933 3408 988 3472 pes
1012 3389 1098 3452 naris
1124 3397 1185 3468 881,
1209 3412 1273 3475 quo
1297 3392 1385 3477 quasi
1405 3393 1429 3456 it
1451 3413 1508 3456 seu
1530 3393 1667 3460 vehitur.
1710 3396 1786 3462 Inde
1808 3399 1930 3464 Latinis
1952 3407 2035 3468 88881
2057 3417 2087 3472 et

504 3492 571 3559 vela
594 3494 682 3579 quasi
709 3502 794 3561 Pedes
821 3489 945 3557 navales
973 3491 1046 3557 dicti
1075 3505 1147 3558 runt
1168 3493 1317 3572 (Nonius
1340 3498 1484 3564 Marcell.
1503 3505 1617 3570 8888.
1639 3528 1688 3591 ap.
1709 3502 1904 3594 1181188188.
1922 3513 1992 3577 699.
2015 3512 2086 3578 Ms-

409 3677 413 3684 ,
507 3600 645 3664 orobiua.
663 3604 692 3670 6.
713 3605 776 3678 l):
809 3599 940 3681 deinde,
968 3607 1056 3688 parte
1079 3624 1140 3690 pro
1165 3611 1231 3666 toto
1256 3615 1396 3692 accepta,
1426 3607 1517 3670 funes
1540 3608 1651 3690 etiam,
1686 3609 1800 3697 quihus
1829 3611 1898 3678 8818
1918 3626 2084 3701 reguntur,

504 3715 590 3772 Pedes
610 3705 756 3794 appellati
778 3706 881 3786 (Ptin.
899 3711 995 3776 817.
1018 3708 1104 3796 Virg.
1122 3709 1202 3772 Aen.
1226 3713 1255 3778 5.
1273 3713 1370 3788 aad).
1414 3712 1542 3777 Graecis
1566 3715 1659 3778 etiam
1680 3715 1769 3778 lla'de
1790 3717 1887 3781 fuisse
1908 3720 2012 3807 ipsum
2034 3743 2084 3785 re·

505 3811 589 3892 lum,
613 3821 722 3876 auctor
751 3815 947 3882 8818888188
979 3815 1042 3893 (ad
1063 3816 1153 3880 illum
1168 3817 1257 3906 Virg.
1276 3815 1375 3900 loe),
1406 3819 1477 3904 qui,
1505 3815 1578 3894 inde
1600 3823 1709 3886 lunam
1732 3823 1853 3902 Latinis
1876 3824 1993 3887 dietum
2016 3847 2086 3890 8888

511 3929 642 3998 fodiam,
665 3921 765 3985 tradit.
802 3923 963 3993 1888878888
984 3931 1175 4015 praepositio
1198 3939 1254 3994 Pro
1275 3929 1309 3990 in
1329 3927 1931 4012 8888188Προποὸεὼν888888υά1888
1953 3935 2085 4001 eandem

377 4057 381 4064 ·
504 4026 568 4092 vim
596 4047 632 4087 88
656 4007 839 4112 potestatem
860 4029 973 4110 habet,
1003 4053 1098 4120 quam
1129 4033 1163 4098 in
1183 4031 1288 4098 verbis
1311 4032 1465 4119 Projieio,
1495 4033 1704 4110 Proficisoor,
1732 4029 1893 4114 Prooello,
1908 4036 2083 4126 ‚Produco,

406 4149 408 4154 ’
500 4131 679 4220 Προποδίζω
691 4177 700 4208 ,
723 4145 781 4199 oet.
799 4133 929 4214 obtinet,
952 4145 982 4197 et
1003 4159 1076 4208 cum
1098 4135 1206 4199 eadem
1227 4140 1458 4224 praepositione
1480 4161 1596 4200 nomen
1613 4146 1779 4221 Propedon,
1799 4161 1859 4224 pro
1875 4139 2078 4231 Propodeon,

502 4237 667 4328 Turpilius
690 4240 772 4326 apud
797 4237 954 4305 Isidorum
973 4244 1107 4318 (19.1)
1133 4243 1245 4325 hebet,
1274 4269 1399 4336 neque,
1429 4269 1490 4311 cur
1508 4243 1590 4308 liano
1611 4257 1769 4311 mutemus
1790 4246 1975 4336 lectionem,
2006 4259 2078 4322 88118
2113 4305 2118 4314 .

496 4359 543 4413 881
564 4368 684 4411 causae.
727 4343 883 4434 Equidem
905 4369 972 4409 non
994 4345 1122 4429 dubito,
1144 4352 1230 4437 quod
1245 4351 1376 4439 Virgilio
1399 4363 1444 4416 est
1466 4360 1566 4419 Pedem
1587 4351 1709 4435 lacere,
1731 4354 1815 4417 idem
1838 4353 1986 4424 Petronio
2010 4385 2076 4427 esse

493 4464 673 4538 Propertium
692 4450 777 4536 lieri,
800 4460 970 4542 utrumque
992 4452 1107 4532 seilicet
1127 4468 1231 4532 881888
1252 4459 1448 4550 significare,
1475 4487 1538 4553 quo
1561 4487 1655 4538 uares
1676 4466 1822 4551 jamjam
1845 4489 1861 4530 e
1883 4481 1980 4556 portu
2002 4471 2075 4540 edu-

497 4563 612 4626 cendae
635 4560 709 4628 velis
731 4569 899 4656 aptantur...
