4754 5940
1105 535 1416 648 ...575-

421 737 733 831 orthodoxus.
762 761 823 826 555
989 744 1222 835 Osculum.
1253 771 1313 834 555
1556 760 1916 858 0555555551555.
1940 795 2009 862 555·

424 905 736 995 Ortimbassisl
762 929 826 994 555
989 909 1140 998 Oseas.
1170 929 1233 995 555
1556 923 1773 1016 Ostentat.
1804 955 1876 1019 ste.

423 1068 575 1158 Ortus.
604 1090 667 1155 555
699 1041 707 1052 ’
987 1073 1151 1170 Osiris.
1181 1095 1249 1159 555
1555 1063 1807 1182 Ostentum.
1833 1119 1902 1184 555.

424 1233 561 1321 Ortus
584 1236 788 1324 55115555
962 1234 1227 1331 osismus?
1252 1271 1283 1341 t)
1308 1269 1368 1332 555
1554 1253 1783 1344 0551551555.
1815 1282 1875 1345 555

419 1425 560 1482 orum.
585 1420 646 1486 559
808 1519 810 1522 Ι
988 1399 1440 1548 051555555555589
1496 1531 1507 1548 .
1553 1416 1872 1513 Osticometra!
1904 1449 1942 1511 55
1992 1399 1994 1404 ⁵
2123 1397 2127 1406 ⁴

404 1557 559 1674 Oryx.
590 1581 660 1645 161.
683 1603 760 1642 cm.
988 1561 1253 1682 Osquttata
1265 1586 1540 1691 canipestssl·
1553 1579 1787 1673 Ostiensis.
1815 1609 1886 1675 555.
1916 1614 1974 1678 555

416 1752 479 1809 os.
509 1740 579 1803 555
986 1725 1262 1846 Osquttates
1279 1750 1423 1828 mont.
1447 1761 1511 1826 555
1552 1745 1743 1836 Ostium.
1777 1771 1843 1834 555.

417 1889 495 1978 Oe.
526 1906 588 1970 558
749 1946 752 1952 ·
986 1891 1164 1978 Ossum.
1191 1923 1228 1992 ι)
1250 1919 1311 1982 555
1551 1909 1721 1998 Ostrea.
1743 1941 1790 2020 y)
1812 1937 1873 2002 555

416 2051 652 2142 Oscillum.
681 2061 748 2132 551ῐ
985 2053 1190 2144 Ostendi.
1218 2079 1287 2144 2555
1548 2073 1750 2163 Oslrum,
1781 2102 1899 2173 2)·258

281 2319 288 2332 ι
415 2217 599 2305 Oscitat.
629 2233 692 2297 555
984 2217 1205 2308 Ostendit.
1235 2244 1297 2309 555
1549 2238 1805 2364 0551555551
1835 2265 1905 2329 555

414 2379 736 2469 05551555555
986 2377 1241 2471 Ostentum.
1271 2406 1334 2474 555
1497 2383 1502 2394 ’
1549 2401 1687 2490 Otho.
1715 2425 1775 2488 555

431 2611 436 2618 ’
520 2627 619 2680 cetur.
665 2607 792 2699 Quodsi·
810 2609 889 2676 heec
911 2615 1093 2699 conjecture
1112 2641 1178 2684 non
1198 2621 1315 2712 placet,
1345 2629 1458 2698 lineum
1491 2639 1560 2701 uB
1588 2643 1804 2710 escendentem
1836 2641 1866 2710 T
1894 2651 2099 2742 interpretari

511 2721 604 2802 licet,
628 2731 658 2783 et
677 2729 821 2786 Orobitim
842 2719 966 2806 tegere.
1004 2724 1074 2809 Qus
1096 2729 1222 2812 quidem
1243 2732 1376 2802 lectione
1397 2741 1551 2828 prebete,
1582 2770 1674 2812 ceusu
1705 2750 1796 2814 etium
1817 2755 1981 2820 accusativi
2004 2780 2098 2822 cesus
2147 2811 2150 2818 .

507 2827 699 2915 intelligitur
720 2851 758 2890 ex
779 2826 880 2889 Plinio
903 2837 921 2904 (
932 2833 982 2894 33.
1002 2835 1067 2911 5),
1091 2836 1144 2919 qui
1166 2849 1335 2916 „orobitin
1353 2851 1490 2912 vocent''
1512 2864 1569 2914 cet.
1595 2853 1712 2936 scribit,
1738 2880 1895 2946 quemquo
1917 2861 1979 2926 ltoc
2001 2865 2093 2928 etiem

509 2937 582 2998 loco
609 2946 671 3026 (5.Ι
684 2957 715 3019 p.
731 2938 817 3010 tlt)
841 2945 964 2999 secutos
986 2959 1052 3002 esse
1075 2937 1276 3013 Collectiortis
1297 2964 1441 3017 suctores
1462 2951 1630 3022 verisimile
1652 2959 1696 3024 lit.

456 3073 490 3140 t)
517 3065 634 3128 Verum
658 3066 924 3152 interpretationis
953 3075 1203 3140 emendationem
1234 3101 1318 3164 esse,
1351 3071 1499 3172 sequente
1526 3101 1632 3176 Vergit
1653 3095 1784 3158 nomine
1805 3095 1979 3183 probetur,
2009 3102 2093 3187 quod

512 3178 703 3236 Osismiorum
726 3172 789 3235 sive
812 3183 992 3240 Osismorum
1014 3179 1166 3264 oppidum
1188 3180 1283 3248 luisse
1306 3201 1434 3255 constet.

450 3313 494 3384 ιι)
513 3307 674 3389 Incertus,
702 3319 810 3373 utrum
834 3333 871 3374 ex
887 3323 928 3379 Os
951 3317 986 3376 et'
1002 3325 1032 3379 Is
1053 3315 1176 3400 syllnb'is
1187 3364 1197 3397 ,
1222 3339 1262 3379 55
1286 3339 1324 3380 ex
1345 3321 1374 3384 Ο
1397 3334 1426 3386 et
1448 3326 1469 3388 S
1490 3328 1590 3392 literis
1611 3327 1783 3417 composite
1805 3334 1843 3394 sit
1864 3344 1956 3396 notes
1977 3335 2090 3422 ligure,

507 3424 645 3500 utroque
675 3438 743 3478 enm
770 3418 868 3481 modo
896 3421 994 3504 pinxi.
1054 3421 1216 3489 Posterior
1246 3445 1322 3488 vero
1351 3431 1481 3509 notandi
1510 3434 1590 3496 rntio
1620 3433 1826 3520 praeferende
1858 3457 1925 3499 esse
1955 3438 2089 3502 videtur.

506 3519 632 3584 Nomen
653 3524 822 3609 proprium
848 3525 1018 3612 significet,
1047 3551 1145 3616 quum
1175 3529 1209 3590 in
1231 3529 1444 3617 geographico
1468 3534 1669 3602 Collectionis
1691 3552 1778 3625 perte
1799 3540 1933 3630 legetur.
1984 3555 2089 3609 Oescus

487 3627 598 3716 lego,
632 3633 803 3698 dummodo
831 3657 898 3696 non
926 3659 1006 3702 vene
1034 3635 1073 3700 sit
1101 3636 1302 3720 conjecturs,
1336 3661 1431 3724 quum
1463 3642 1500 3706 de
1529 3650 1672 3734 sequenti
1692 3660 1830 3717 Iscubattt
1859 3653 1988 3714 nomine
2016 3647 2086 3732 leci,

506 3737 592 3822 quod
612 3735 737 3809 ud'esis.
760 3749 809 3828 (p.
829 3737 900 3810 537.
921 3750 961 3820 z)

444 3873 483 3944 u)
506 3867 540 3930 ld
571 3883 617 3932 est
643 3875 689 3935 Os
697 3921 708 3953 ,
740 3877 846 3939 Ossis:
877 3879 920 3941 itu
951 3882 1035 3942 enim
1065 3881 1224 3944 interdum
1246 3877 1365 3964 untiqni
1395 3887 1416 3956 (
1422 3871 1571 3981 Priscian.
1589 3879 1689 3960 156)
1717 3876 1970 3972 recentioresque
2001 3884 2084 3948 dixe·

504 3986 600 4037 runt:
634 4001 713 4064 quos
737 3983 880 4066 quidem,
903 3975 975 4048 licet
996 3975 1029 4048 id
1051 3999 1198 4072 egerent,
1226 3999 1262 4050 ut
1283 3983 1369 4049 httud¹
1388 3985 1555 4072 urnltiguus
1579 4009 1682 4050 sermo
1706 4000 1802 4069 esset,
1834 3987 2041 4054 nibilominus
2063 4013 2083 4054 5

446 4083 447 4086 ’
498 4078 611 4142 Vossio
633 4083 698 4160 (de
720 4087 774 4148 rit.
794 4109 887 4150 serm.
908 4093 937 4156 5.
960 4091 1022 4174 Op.
1045 4091 1086 4153 T.
1103 4096 1133 4155 2.
1156 4091 1188 4151 P.
1206 4095 1235 4155 2.
1257 4117 1289 4178 p.
1304 4085 1392 4169 303)
1415 4087 1495 4154 mule
1518 4089 1690 4154 intellectos
1713 4113 1801 4171 esse,
1823 4093 1935 4154 miror.

426 4223 475 4306 y)
497 4214 601 4283 Error
622 4220 655 4282 15
676 4233 768 4286 55555
789 4225 892 4314 ligure
915 4251 981 4293 esse
1002 4231 1143 4313 videtur,
1175 4244 1210 4297 ut
1238 4225 1387 4319 syllohom
1409 4237 1454 4300 Os
1484 4239 1642 4302 inversum
1670 4238 1758 4326 ligno
1784 4237 1930 4302 inciderit
1956 4236 2078 4301 artilex.

495 4320 589 4386 Huud
610 4334 715 4390 temen
737 4351 830 4394 susus
854 4355 924 4396 sum
946 4334 1038 4401 elium
1058 4349 1150 4401 nette
1173 4340 1310 4402 formum
1333 4341 1531 4408 substituere.

410 4471 466 4544 4)
496 4463 590 4528 Certe
614 4467 780 4554 depravatu
802 4484 847 4537 est
870 4475 1057 4542 Gruterinns
1078 4482 1295 4568 interpretatio
1318 4497 1468 4557 Rostrum.
1511 4492 1594 4556 Note
1616 4491 1700 4554 enim
1711 4538 1721 4571 ,
1743 4499 1868 4580 prester
1889 4497 1945 4568 Os,
1967 4497 1998 4550 et
2017 4497 2077 4552 ter-

485 4571 691 4642 minationem
714 4607 777 4664 um,
800 4580 892 4645 tilium
913 4581 1039 4651 literem
1057 4610 1122 4652 non
1143 4589 1247 4659 hebet.
1290 4593 1399 4660 Locus
1421 4612 1516 4679 sero,
1539 4599 1595 4686 qui
1616 4601 1646 4662 ei
1664 4598 1699 4662 in
1721 4595 1915 4662 Collectione
1936 4595 2073 4683 assigne-
