<?xml version="1.0" encoding="UTF-8"?>
<!DOCTYPE html PUBLIC "-//W3C//DTD XHTML 1.0 Transitional//EN"
    "http://www.w3.org/TR/xhtml1/DTD/xhtml1-transitional.dtd">
<html xmlns="http://www.w3.org/1999/xhtml" xml:lang="en" lang="en">
 <head>
  <title>
</title>
<meta http-equiv="Content-Type" content="text/html;charset=utf-8" />
  <meta name='ocr-system' content='tesseract 3.04.00' />
  <meta name='ocr-capabilities' content='ocr_page ocr_carea ocr_par ocr_line ocrx_word'/>
</head>
<body>
  <div class='ocr_page' id='page_1' title='image "./palaeographiacr00koppgoog_0020.png"; bbox 0 0 4752 5954; ppageno 0'>
   <div class='ocr_carea' id='block_1_1' title="bbox 279 783 1985 1904">
    <p class='ocr_par' dir='ltr' id='par_1_1' title="bbox 279 783 1985 1904">
     <span class='ocr_line' id='line_1_1' title="bbox 281 783 1985 921; baseline -0.007 -35"><span class='ocrx_word' id='word_1_1' title='bbox 281 826 398 921; x_wconf 86' lang='lat' dir='ltr'><strong>qnae</strong></span> <span class='ocrx_word' id='word_1_2' title='bbox 437 825 504 892; x_wconf 79' lang='lat' dir='ltr'><strong>ex,</strong></span> <span class='ocrx_word' id='word_1_3' title='bbox 537 789 706 908; x_wconf 87' lang='lat' dir='ltr'><strong>analysi</strong></span> <span class='ocrx_word' id='word_1_4' title='bbox 719 788 845 880; x_wconf 61' lang='lat' dir='ltr'><strong>*satis</strong></span> <span class='ocrx_word' id='word_1_5' title='bbox 887 789 1044 880; x_wconf 79' lang='lat' dir='ltr'><strong>elucet</strong></span> <span class='ocrx_word' id='word_1_6' title='bbox 1148 783 1515 906; x_wconf 84' lang='lat' dir='ltr'><strong>interpretationi</strong></span> <span class='ocrx_word' id='word_1_7' title='bbox 1544 783 1740 876; x_wconf 84' lang='lat' dir='ltr'>subinde</span> <span class='ocrx_word' id='word_1_8' title='bbox 1779 789 1985 907; x_wconf 83' lang='lat' dir='ltr'><strong>apposita</strong></span> 
     </span>
     <span class='ocr_line' id='line_1_2' title="bbox 285 952 1983 1071; baseline -0.006 -15"><span class='ocrx_word' id='word_1_9' title='bbox 285 988 371 1071; x_wconf 88' lang='lat' dir='ltr'><strong>est,</strong></span> <span class='ocrx_word' id='word_1_10' title='bbox 402 963 555 1053; x_wconf 88' lang='lat' dir='ltr'><strong>Italico</strong></span> <span class='ocrx_word' id='word_1_11' title='bbox 585 959 859 1064; x_wconf 84' lang='lat' dir='ltr'><strong>charactere,</strong></span> <span class='ocrx_word' id='word_1_12' title='bbox 898 957 971 1046; x_wconf 81' lang='lat' dir='ltr'><strong>vel</strong></span> <span class='ocrx_word' id='word_1_13' title='bbox 996 953 1348 1060; x_wconf 80' lang='lat' dir='ltr'><strong>melior&#39;leeti0,</strong></span> <span class='ocrx_word' id='word_1_14' title='bbox 1376 952 1450 1042; x_wconf 86' lang='lat' dir='ltr'><strong>vel</strong></span> <span class='ocrx_word' id='word_1_15' title='bbox 1480 953 1685 1042; x_wconf 86' lang='lat' dir='ltr'><strong>usitatior</strong></span> <span class='ocrx_word' id='word_1_16' title='bbox 1710 955 1983 1046; x_wconf 86' lang='lat' dir='ltr'><strong>terminatio.</strong></span> 
     </span>
     <span class='ocr_line' id='line_1_3' title="bbox 282 1117 1984 1248; baseline -0.008 -32"><span class='ocrx_word' id='word_1_17' title='bbox 282 1129 462 1248; x_wconf 83' lang='lat' dir='ltr'><strong>Integra</strong></span> <span class='ocrx_word' id='word_1_18' title='bbox 484 1123 728 1226; x_wconf 87' lang='lat' dir='ltr'><strong>vocabula,</strong></span> <span class='ocrx_word' id='word_1_19' title='bbox 754 1140 804 1210; x_wconf 89' lang='lat' dir='ltr'><strong>ut</strong></span> <span class='ocrx_word' id='word_1_20' title='bbox 833 1120 888 1208; x_wconf 87' lang='lat' dir='ltr'><strong>ab</strong></span> <span class='ocrx_word' id='word_1_21' title='bbox 919 1120 975 1208; x_wconf 92' lang='lat' dir='ltr'><strong>iis</strong></span> <span class='ocrx_word' id='word_1_22' title='bbox 996 1117 1399 1244; x_wconf 85' lang='lat' dir='ltr'><strong>distinguerentur,</strong></span> <span class='ocrx_word' id='word_1_23' title='bbox 1423 1145 1539 1238; x_wconf 84' lang='lat' dir='ltr'><strong>quae</strong></span> <span class='ocrx_word' id='word_1_24' title='bbox 1566 1145 1716 1206; x_wconf 88' lang='lat' dir='ltr'><strong>merae</strong></span> <span class='ocrx_word' id='word_1_25' title='bbox 1735 1136 1841 1206; x_wconf 87' lang='lat' dir='ltr'><strong>sunt</strong></span> <span class='ocrx_word' id='word_1_26' title='bbox 1860 1117 1984 1233; x_wconf 85' lang='lat' dir='ltr'><strong>sylla-</strong></span> 
     </span>
     <span class='ocr_line' id='line_1_4' title="bbox 284 1281 1981 1408; baseline -0.007 -27"><span class='ocrx_word' id='word_1_27' title='bbox 284 1291 390 1395; x_wconf 89' lang='lat' dir='ltr'><strong>bae,</strong></span> <span class='ocrx_word' id='word_1_28' title='bbox 416 1288 574 1400; x_wconf 89' lang='lat' dir='ltr'><strong>majori</strong></span> <span class='ocrx_word' id='word_1_29' title='bbox 590 1287 731 1378; x_wconf 77' lang='lat' dir='ltr'><strong>iitera</strong></span> <span class='ocrx_word' id='word_1_30' title='bbox 749 1286 913 1376; x_wconf 88' lang='lat' dir='ltr'><strong>initiali</strong></span> <span class='ocrx_word' id='word_1_31' title='bbox 936 1286 1126 1408; x_wconf 83' lang='lat' dir='ltr'><strong>signavi.</strong></span> <span class='ocrx_word' id='word_1_32' title='bbox 1182 1285 1423 1388; x_wconf 89' lang='lat' dir='ltr'><strong>Numeris,</strong></span> <span class='ocrx_word' id='word_1_33' title='bbox 1453 1284 1536 1402; x_wconf 89' lang='lat' dir='ltr'><strong>qui</strong></span> <span class='ocrx_word' id='word_1_34' title='bbox 1564 1283 1754 1403; x_wconf 80' lang='lat' dir='ltr'><strong>singulis</strong></span> <span class='ocrx_word' id='word_1_35' title='bbox 1778 1281 1981 1370; x_wconf 86' lang='lat' dir='ltr'><strong>versibus</strong></span> 
     </span>
     <span class='ocr_line' id='line_1_5' title="bbox 279 1447 1982 1574; baseline -0.007 -30"><span class='ocrx_word' id='word_1_36' title='bbox 279 1454 511 1566; x_wconf 78' lang='lat' dir='ltr'><strong>subjuncti</strong></span> <span class='ocrx_word' id='word_1_37' title='bbox 560 1471 687 1558; x_wconf 88' lang='lat' dir='ltr'><strong>sunt,</strong></span> <span class='ocrx_word' id='word_1_38' title='bbox 736 1454 929 1574; x_wconf 81' lang='lat' dir='ltr'><strong>paginae</strong></span> <span class='ocrx_word' id='word_1_39' title='bbox 968 1452 1279 1574; x_wconf 81' lang='lat' dir='ltr'><strong>significantur</strong></span> <span class='ocrx_word' id='word_1_40' title='bbox 1328 1449 1624 1540; x_wconf 85' lang='lat' dir='ltr'><strong>Collectionis</strong></span> <span class='ocrx_word' id='word_1_41' title='bbox 1662 1447 1982 1556; x_wconf 86' lang='lat' dir='ltr'><strong>Gruterianae;</strong></span> 
     </span>
     <span class='ocr_line' id='line_1_6' title="bbox 287 1610 1981 1742; baseline -0.008 -33"><span class='ocrx_word' id='word_1_42' title='bbox 287 1621 455 1742; x_wconf 90' lang='lat' dir='ltr'><strong>quibus</strong></span> <span class='ocrx_word' id='word_1_43' title='bbox 475 1618 514 1708; x_wconf 91' lang='lat' dir='ltr'><strong>si</strong></span> <span class='ocrx_word' id='word_1_44' title='bbox 539 1618 743 1740; x_wconf 83' lang='lat' dir='ltr'><strong>jungitur</strong></span> <span class='ocrx_word' id='word_1_45' title='bbox 760 1619 887 1709; x_wconf 86' lang='lat' dir='ltr'><strong>litera</strong></span> <span class='ocrx_word' id='word_1_46' title='bbox 912 1622 958 1727; x_wconf 85' lang='grc'><strong>6,</strong></span> <span class='ocrx_word' id='word_1_47' title='bbox 988 1617 1163 1720; x_wconf 83' lang='lat' dir='ltr'><strong>indicio</strong></span> <span class='ocrx_word' id='word_1_48' title='bbox 1185 1637 1268 1722; x_wconf 88' lang='lat' dir='ltr'><strong>est,</strong></span> <span class='ocrx_word' id='word_1_49' title='bbox 1299 1617 1467 1708; x_wconf 88' lang='lat' dir='ltr'><strong>librum</strong></span> <span class='ocrx_word' id='word_1_50' title='bbox 1489 1612 1779 1703; x_wconf 84' lang='lat' dir='ltr'><strong>Casselanum</strong></span> <span class='ocrx_word' id='word_1_51' title='bbox 1806 1610 1862 1726; x_wconf 53' lang='grc' dir='ltr'><strong>(ᾗ.</strong></span> <span class='ocrx_word' id='word_1_52' title='bbox 1877 1610 1981 1716; x_wconf 78' lang='lat'>330)</span> 
     </span>
     <span class='ocr_line' id='line_1_7' title="bbox 285 1773 1984 1904; baseline -0.008 -28"><span class='ocrx_word' id='word_1_53' title='bbox 285 1781 509 1876; x_wconf 86' lang='lat' dir='ltr'><strong>diversam</strong></span> <span class='ocrx_word' id='word_1_54' title='bbox 528 1815 554 1872; x_wconf 85' lang='lat' dir='ltr'><strong>a</strong></span> <span class='ocrx_word' id='word_1_55' title='bbox 578 1784 847 1875; x_wconf 86' lang='lat' dir='ltr'><strong>Gruteriana</strong></span> <span class='ocrx_word' id='word_1_56' title='bbox 867 1785 1033 1876; x_wconf 87' lang='lat' dir='ltr'><strong>habere</strong></span> <span class='ocrx_word' id='word_1_57' title='bbox 1053 1785 1126 1874; x_wconf 88' lang='lat' dir='ltr'><strong>vel</strong></span> <span class='ocrx_word' id='word_1_58' title='bbox 1149 1784 1360 1904; x_wconf 84' lang='lat' dir='ltr'><strong>figuram,</strong></span> <span class='ocrx_word' id='word_1_59' title='bbox 1386 1779 1460 1870; x_wconf 84' lang='lat' dir='ltr'><strong>vel</strong></span> <span class='ocrx_word' id='word_1_60' title='bbox 1485 1778 1742 1870; x_wconf 89' lang='lat' dir='ltr'><strong>lectionem.</strong></span> <span class='ocrx_word' id='word_1_61' title='bbox 1797 1773 1984 1862; x_wconf 71' lang='lat' dir='ltr'><strong>Asteris</strong></span> 
     </span>
    </p>
   </div>
   <div class='ocr_carea' id='block_1_2' title="bbox 282 1941 1987 2056">
    <p class='ocr_par' dir='ltr' id='par_1_2' title="bbox 282 1941 1987 2056">
     <span class='ocr_line' id='line_1_8' title="bbox 282 1941 1987 2056; baseline -0.009 -14"><span class='ocrx_word' id='word_1_62' title='bbox 282 1981 362 2042; x_wconf 86' lang='lat' dir='ltr'><strong>cus</strong></span> <span class='ocrx_word' id='word_1_63' title='bbox 383 1953 466 2040; x_wconf 90' lang='lat' dir='ltr'><strong>ubi</strong></span> <span class='ocrx_word' id='word_1_64' title='bbox 477 1952 679 2042; x_wconf 89' lang='lat' dir='ltr'><strong>numeris</strong></span> <span class='ocrx_word' id='word_1_65' title='bbox 702 1950 909 2055; x_wconf 90' lang='lat' dir='ltr'><strong>accessit,</strong></span> <span class='ocrx_word' id='word_1_66' title='bbox 934 1979 990 2038; x_wconf 93' lang='lat' dir='ltr'><strong>eo</strong></span> <span class='ocrx_word' id='word_1_67' title='bbox 1013 1947 1259 2056; x_wconf 88' lang='lat' dir='ltr'><strong>indicatur,</strong></span> <span class='ocrx_word' id='word_1_68' title='bbox 1286 1951 1380 2039; x_wconf 87' lang='lat' dir='ltr'><strong>sive</strong></span> <span class='ocrx_word' id='word_1_69' title='bbox 1399 1947 1637 2040; x_wconf 89' lang='lat' dir='ltr'><strong>meliorem</strong></span> <span class='ocrx_word' id='word_1_70' title='bbox 1658 1945 1850 2034; x_wconf 84' lang='lat' dir='ltr'><strong>formam</strong></span> <span class='ocrx_word' id='word_1_71' title='bbox 1868 1941 1987 2028; x_wconf 85' lang='lat' dir='ltr'><strong>Gru-</strong></span> 
     </span>
    </p>
   </div>
   <div class='ocr_carea' id='block_1_3' title="bbox 282 2107 1982 2704">
    <p class='ocr_par' dir='ltr' id='par_1_3' title="bbox 282 2107 1982 2704">
     <span class='ocr_line' id='line_1_9' title="bbox 282 2107 1982 2231; baseline -0.008 -26"><span class='ocrx_word' id='word_1_72' title='bbox 282 2115 479 2205; x_wconf 87' lang='lat' dir='ltr'><strong>terianae</strong></span> <span class='ocrx_word' id='word_1_73' title='bbox 504 2113 809 2216; x_wconf 79' lang='lat' dir='ltr'><strong>substitutam,</strong></span> <span class='ocrx_word' id='word_1_74' title='bbox 840 2113 957 2216; x_wconf 87' lang='lat' dir='ltr'><strong>sive,</strong></span> <span class='ocrx_word' id='word_1_75' title='bbox 989 2130 1158 2200; x_wconf 88' lang='lat' dir='ltr'><strong>servata</strong></span> <span class='ocrx_word' id='word_1_76' title='bbox 1179 2113 1422 2231; x_wconf 85' lang='lat' dir='ltr'><strong>principali</strong></span> <span class='ocrx_word' id='word_1_77' title='bbox 1449 2131 1581 2217; x_wconf 87' lang='lat' dir='ltr'><strong>nota,</strong></span> <span class='ocrx_word' id='word_1_78' title='bbox 1614 2107 1982 2200; x_wconf 85' lang='lat' dir='ltr'><strong>terminationem</strong></span> 
     </span>
     <span class='ocr_line' id='line_1_10' title="bbox 282 2271 1979 2398; baseline -0.005 -32"><span class='ocrx_word' id='word_1_79' title='bbox 282 2275 423 2366; x_wconf 89' lang='lat' dir='ltr'><strong>solam</strong></span> <span class='ocrx_word' id='word_1_80' title='bbox 449 2293 662 2364; x_wconf 86' lang='lat' dir='ltr'><strong>mutatam</strong></span> <span class='ocrx_word' id='word_1_81' title='bbox 682 2303 789 2364; x_wconf 88' lang='lat' dir='ltr'><strong>esse.</strong></span> <span class='ocrx_word' id='word_1_82' title='bbox 842 2274 987 2394; x_wconf 85' lang='lat' dir='ltr'><strong>Signo</strong></span> <span class='ocrx_word' id='word_1_83' title='bbox 1015 2277 1054 2394; x_wconf 60' lang='lat'><strong>35,</strong></span> <span class='ocrx_word' id='word_1_84' title='bbox 1084 2279 1284 2369; x_wconf 88' lang='lat' dir='ltr'><strong>numeris</strong></span> <span class='ocrx_word' id='word_1_85' title='bbox 1313 2279 1596 2398; x_wconf 85' lang='lat' dir='ltr'><strong>praeposite,</strong></span> <span class='ocrx_word' id='word_1_86' title='bbox 1617 2271 1979 2389; x_wconf 69' lang='lat' dir='ltr'><strong>notanturprio-</strong></span> 
     </span>
     <span class='ocr_line' id='line_1_11' title="bbox 283 2436 1981 2572; baseline -0.014 -25"><span class='ocrx_word' id='word_1_87' title='bbox 283 2439 343 2528; x_wconf 65' lang='lat'><strong>11⁸</strong></span> <span class='ocrx_word' id='word_1_88' title='bbox 372 2441 620 2529; x_wconf 68' lang='lat' dir='ltr'><strong>voluminis</strong></span> <span class='ocrx_word' id='word_1_89' title='bbox 649 2436 939 2563; x_wconf 63' lang='lat' dir='ltr'><strong>paragraphi,</strong></span> <span class='ocrx_word' id='word_1_90' title='bbox 966 2440 1018 2528; x_wconf 81' lang='lat' dir='ltr'><strong>in</strong></span> <span class='ocrx_word' id='word_1_91' title='bbox 1057 2443 1223 2566; x_wconf 89' lang='lat' dir='ltr'><strong>quibus</strong></span> <span class='ocrx_word' id='word_1_92' title='bbox 1256 2448 1440 2540; x_wconf 87' lang='lat' dir='ltr'><strong>uberius</strong></span> <span class='ocrx_word' id='word_1_93' title='bbox 1469 2442 1690 2572; x_wconf 88' lang='lat' dir='ltr'><strong>quaedam</strong></span> <span class='ocrx_word' id='word_1_94' title='bbox 1720 2443 1981 2562; x_wconf 78' lang='lat' dir='ltr'><strong>interpreta-</strong></span> 
     </span>
     <span class='ocr_line' id='line_1_12' title="bbox 285 2625 498 2704; baseline 0.019 -4"><span class='ocrx_word' id='word_1_95' title='bbox 285 2625 498 2704; x_wconf 78' lang='lat' dir='ltr'><strong>tuscum·</strong></span> 
     </span>
    </p>
   </div>
   <div class='ocr_carea' id='block_1_4' title="bbox 204 2777 2046 4729">
    <p class='ocr_par' dir='ltr' id='par_1_4' title="bbox 204 2777 2046 4729">
     <span class='ocr_line' id='line_1_13' title="bbox 397 2777 1980 2888; baseline 0.004 -16"><span class='ocrx_word' id='word_1_96' title='bbox 397 2787 588 2872; x_wconf 83' lang='lat' dir='ltr'><strong>Restare</strong></span> <span class='ocrx_word' id='word_1_97' title='bbox 612 2777 814 2888; x_wconf 85' lang='lat' dir='ltr'><strong>videtur,</strong></span> <span class='ocrx_word' id='word_1_98' title='bbox 840 2801 892 2870; x_wconf 89' lang='lat' dir='ltr'><strong>ut</strong></span> <span class='ocrx_word' id='word_1_99' title='bbox 926 2785 1142 2874; x_wconf 85' lang='lat' dir='ltr'><strong>nonnihil</strong></span> <span class='ocrx_word' id='word_1_100' title='bbox 1159 2792 1307 2882; x_wconf 84' lang='lat' dir='ltr'><strong>etiam</strong></span> <span class='ocrx_word' id='word_1_101' title='bbox 1331 2823 1543 2884; x_wconf 89' lang='lat' dir='ltr'><strong>moneam</strong></span> <span class='ocrx_word' id='word_1_102' title='bbox 1569 2791 1627 2880; x_wconf 89' lang='lat' dir='ltr'><strong>de</strong></span> <span class='ocrx_word' id='word_1_103' title='bbox 1657 2787 1790 2878; x_wconf 83' lang='lat' dir='ltr'><strong>altera</strong></span> <span class='ocrx_word' id='word_1_104' title='bbox 1811 2789 1980 2878; x_wconf 88' lang='lat' dir='ltr'><strong>Lexici</strong></span> 
     </span>
     <span class='ocr_line' id='line_1_14' title="bbox 285 2939 1985 3075; baseline 0.005 -43"><span class='ocrx_word' id='word_1_105' title='bbox 285 2963 433 3067; x_wconf 86' lang='lat' dir='ltr'><strong>parte,</strong></span> <span class='ocrx_word' id='word_1_106' title='bbox 458 2976 573 3066; x_wconf 89' lang='lat' dir='ltr'><strong>quae</strong></span> <span class='ocrx_word' id='word_1_107' title='bbox 594 2941 781 3066; x_wconf 89' lang='lat' dir='ltr'><strong>quidem</strong></span> <span class='ocrx_word' id='word_1_108' title='bbox 802 2939 960 3032; x_wconf 88' lang='lat' dir='ltr'><strong>eadem</strong></span> <span class='ocrx_word' id='word_1_109' title='bbox 978 2948 1198 3040; x_wconf 84' lang='lat' dir='ltr'><strong>vocabula</strong></span> <span class='ocrx_word' id='word_1_110' title='bbox 1223 2957 1556 3075; x_wconf 88' lang='lat' dir='ltr'><strong>complectitur,</strong></span> <span class='ocrx_word' id='word_1_111' title='bbox 1578 2951 1743 3072; x_wconf 88' lang='lat' dir='ltr'><strong>quibus</strong></span> <span class='ocrx_word' id='word_1_112' title='bbox 1766 2952 1818 3038; x_wconf 92' lang='lat' dir='ltr'><strong>in</strong></span> <span class='ocrx_word' id='word_1_113' title='bbox 1838 2952 1985 3069; x_wconf 88' lang='lat' dir='ltr'><strong>prima</strong></span> 
     </span>
     <span class='ocr_line' id='line_1_15' title="bbox 285 3111 1984 3240; baseline 0.001 -38"><span class='ocrx_word' id='word_1_114' title='bbox 285 3135 411 3240; x_wconf 88' lang='lat' dir='ltr'><strong>parte</strong></span> <span class='ocrx_word' id='word_1_115' title='bbox 442 3133 578 3204; x_wconf 89' lang='lat' dir='ltr'><strong>notae</strong></span> <span class='ocrx_word' id='word_1_116' title='bbox 610 3111 911 3230; x_wconf 88' lang='lat' dir='ltr'><strong>explicantur,</strong></span> <span class='ocrx_word' id='word_1_117' title='bbox 940 3112 1022 3202; x_wconf 90' lang='lat' dir='ltr'><strong>sed</strong></span> <span class='ocrx_word' id='word_1_118' title='bbox 1051 3113 1305 3207; x_wconf 89' lang='lat' dir='ltr'><strong>secundum</strong></span> <span class='ocrx_word' id='word_1_119' title='bbox 1332 3117 1561 3238; x_wconf 86' lang='lat' dir='ltr'><strong>alphabeti</strong></span> <span class='ocrx_word' id='word_1_120' title='bbox 1593 3113 1813 3233; x_wconf 40' lang='lat' dir='ltr'><strong>ordinem,</strong></span> <span class='ocrx_word' id='word_1_121' title='bbox 1831 3117 1894 3205; x_wconf 87' lang='lat' dir='ltr'><strong>ita</strong></span> <span class='ocrx_word' id='word_1_122' title='bbox 1920 3113 1984 3204; x_wconf 86' lang='lat' dir='ltr'><strong>di·</strong></span> 
     </span>
     <span class='ocr_line' id='line_1_16' title="bbox 282 3277 1985 3405; baseline 0.002 -36"><span class='ocrx_word' id='word_1_123' title='bbox 282 3299 432 3405; x_wconf 80' lang='lat' dir='ltr'><strong>¹gesta,</strong></span> <span class='ocrx_word' id='word_1_124' title='bbox 460 3297 513 3368; x_wconf 88' lang='lat' dir='ltr'><strong>ut</strong></span> <span class='ocrx_word' id='word_1_125' title='bbox 537 3278 747 3368; x_wconf 90' lang='lat' dir='ltr'><strong>omnium</strong></span> <span class='ocrx_word' id='word_1_126' title='bbox 764 3277 1013 3384; x_wconf 87' lang='lat' dir='ltr'><strong>literarum,</strong></span> <span class='ocrx_word' id='word_1_127' title='bbox 1040 3281 1204 3400; x_wconf 88' lang='lat' dir='ltr'><strong>quibus</strong></span> <span class='ocrx_word' id='word_1_128' title='bbox 1225 3285 1446 3373; x_wconf 85' lang='lat' dir='ltr'><strong>vocabula</strong></span> <span class='ocrx_word' id='word_1_129' title='bbox 1464 3285 1712 3404; x_wconf 87' lang='lat' dir='ltr'><strong>perscripta</strong></span> <span class='ocrx_word' id='word_1_130' title='bbox 1731 3302 1868 3391; x_wconf 80' lang='lat' dir='ltr'><strong>sunt;</strong></span> <span class='ocrx_word' id='word_1_131' title='bbox 1884 3307 1985 3373; x_wconf 85' lang='lat' dir='ltr'><strong>non</strong></span> 
     </span>
     <span class='ocr_line' id='line_1_17' title="bbox 204 3425 1986 3577; baseline 0.007 -49"><span class='ocrx_word' id='word_1_132' title='bbox 204 3425 226 3446; x_wconf 23' lang='grc' dir='ltr'>κ</span> <span class='ocrx_word' id='word_1_133' title='bbox 286 3469 557 3559; x_wconf 87' lang='lat' dir='ltr'><strong>paucarum,</strong></span> <span class='ocrx_word' id='word_1_134' title='bbox 586 3441 752 3565; x_wconf 89' lang='lat' dir='ltr'><strong>quibus</strong></span> <span class='ocrx_word' id='word_1_135' title='bbox 775 3459 912 3530; x_wconf 89' lang='lat' dir='ltr'><strong>notae</strong></span> <span class='ocrx_word' id='word_1_136' title='bbox 940 3462 1166 3577; x_wconf 89' lang='lat' dir='ltr'><strong>constant,</strong></span> <span class='ocrx_word' id='word_1_137' title='bbox 1194 3450 1307 3537; x_wconf 84' lang='lat' dir='ltr'><strong>ratio</strong></span> <span class='ocrx_word' id='word_1_138' title='bbox 1330 3447 1485 3538; x_wconf 88' lang='lat' dir='ltr'><strong>habita</strong></span> <span class='ocrx_word' id='word_1_139' title='bbox 1514 3450 1582 3538; x_wconf 91' lang='lat' dir='ltr'><strong>sit.</strong></span> <span class='ocrx_word' id='word_1_140' title='bbox 1642 3449 1839 3573; x_wconf 84' lang='lat' dir='ltr'><strong>Paginae</strong></span> <span class='ocrx_word' id='word_1_141' title='bbox 1866 3449 1986 3540; x_wconf 88' lang='lat' dir='ltr'><strong>insu·</strong></span> 
     </span>
     <span class='ocr_line' id='line_1_18' title="bbox 286 3604 1984 3734; baseline 0.005 -39"><span class='ocrx_word' id='word_1_142' title='bbox 286 3638 370 3727; x_wconf 91' lang='lat' dir='ltr'><strong>per</strong></span> <span class='ocrx_word' id='word_1_143' title='bbox 389 3604 651 3714; x_wconf 87' lang='lat' dir='ltr'><strong>laudantur,</strong></span> <span class='ocrx_word' id='word_1_144' title='bbox 680 3609 733 3696; x_wconf 91' lang='lat' dir='ltr'><strong>in</strong></span> <span class='ocrx_word' id='word_1_145' title='bbox 750 3611 917 3730; x_wconf 89' lang='lat' dir='ltr'><strong>quibus</strong></span> <span class='ocrx_word' id='word_1_146' title='bbox 945 3631 1156 3700; x_wconf 86' lang='lat' dir='ltr'><strong>notarum</strong></span> <span class='ocrx_word' id='word_1_147' title='bbox 1180 3615 1313 3702; x_wconf 89' lang='lat' dir='ltr'><strong>etiam</strong></span> <span class='ocrx_word' id='word_1_148' title='bbox 1330 3613 1522 3734; x_wconf 80' lang='lat' dir='ltr'><strong>figurae,</strong></span> <span class='ocrx_word' id='word_1_149' title='bbox 1552 3640 1660 3730; x_wconf 89' lang='lat' dir='ltr'><strong>quas</strong></span> <span class='ocrx_word' id='word_1_150' title='bbox 1679 3611 1730 3698; x_wconf 89' lang='lat' dir='ltr'><strong>in</strong></span> <span class='ocrx_word' id='word_1_151' title='bbox 1753 3609 1837 3699; x_wconf 87' lang='lat' dir='ltr'><strong>hac</strong></span> <span class='ocrx_word' id='word_1_152' title='bbox 1858 3633 1984 3729; x_wconf 87' lang='lat' dir='ltr'><strong>parte</strong></span> 
     </span>
     <span class='ocr_line' id='line_1_19' title="bbox 291 3767 1985 3898; baseline 0.007 -40"><span class='ocrx_word' id='word_1_153' title='bbox 291 3770 446 3874; x_wconf 89' lang='lat' dir='ltr'><strong>omisi,</strong></span> <span class='ocrx_word' id='word_1_154' title='bbox 475 3769 607 3859; x_wconf 86' lang='lat' dir='ltr'><strong>facile</strong></span> <span class='ocrx_word' id='word_1_155' title='bbox 635 3774 826 3891; x_wconf 88' lang='lat' dir='ltr'><strong>reperiri</strong></span> <span class='ocrx_word' id='word_1_156' title='bbox 849 3767 1052 3893; x_wconf 88' lang='lat' dir='ltr'><strong>possunt.</strong></span> <span class='ocrx_word' id='word_1_157' title='bbox 1121 3776 1262 3866; x_wconf 91' lang='lat' dir='ltr'><strong>Hunc</strong></span> <span class='ocrx_word' id='word_1_158' title='bbox 1284 3809 1393 3868; x_wconf 91' lang='lat' dir='ltr'><strong>vero</strong></span> <span class='ocrx_word' id='word_1_159' title='bbox 1422 3797 1685 3898; x_wconf 88' lang='lat' dir='ltr'><strong>apparatum</strong></span> <span class='ocrx_word' id='word_1_160' title='bbox 1719 3781 1985 3898; x_wconf 87' lang='lat' dir='ltr'><strong>neutiquam</strong></span> 
     </span>
     <span class='ocr_line' id='line_1_20' title="bbox 290 3936 2046 4058; baseline 0.007 -34"><span class='ocrx_word' id='word_1_161' title='bbox 290 3965 346 4024; x_wconf 90' lang='lat' dir='ltr'><strong>eo</strong></span> <span class='ocrx_word' id='word_1_162' title='bbox 370 3936 563 4026; x_wconf 89' lang='lat' dir='ltr'><strong>consilio</strong></span> <span class='ocrx_word' id='word_1_163' title='bbox 590 3968 696 4028; x_wconf 91' lang='lat' dir='ltr'><strong>cum</strong></span> <span class='ocrx_word' id='word_1_164' title='bbox 721 3937 907 4030; x_wconf 85' lang='lat' dir='ltr'><strong>eruditis</strong></span> <span class='ocrx_word' id='word_1_165' title='bbox 930 3941 1286 4047; x_wconf 87' lang='lat' dir='ltr'><strong>communicavi,</strong></span> <span class='ocrx_word' id='word_1_166' title='bbox 1314 3962 1366 4031; x_wconf 91' lang='lat' dir='ltr'><strong>ut</strong></span> <span class='ocrx_word' id='word_1_167' title='bbox 1389 3945 1655 4032; x_wconf 88' lang='lat' dir='ltr'><strong>Tironianis</strong></span> <span class='ocrx_word' id='word_1_168' title='bbox 1678 3945 1872 4034; x_wconf 88' lang='lat' dir='ltr'><strong>scribere</strong></span> <span class='ocrx_word' id='word_1_169' title='bbox 1890 3947 1985 4036; x_wconf 87' lang='lat' dir='ltr'><strong>lite·</strong></span> <span class='ocrx_word' id='word_1_170' title='bbox 2039 4047 2046 4058; x_wconf 49' lang='grc'><em>,</em></span> 
     </span>
     <span class='ocr_line' id='line_1_21' title="bbox 288 4095 1985 4228; baseline 0.009 -40"><span class='ocrx_word' id='word_1_171' title='bbox 288 4099 350 4192; x_wconf 90' lang='lat' dir='ltr'><strong>ris</strong></span> <span class='ocrx_word' id='word_1_172' title='bbox 378 4095 629 4208; x_wconf 88' lang='lat' dir='ltr'><strong>discerent,</strong></span> <span class='ocrx_word' id='word_1_173' title='bbox 661 4132 776 4222; x_wconf 88' lang='lat' dir='ltr'><strong>quae</strong></span> <span class='ocrx_word' id='word_1_174' title='bbox 800 4107 973 4198; x_wconf 87' lang='lat' dir='ltr'><strong>inutilis</strong></span> <span class='ocrx_word' id='word_1_175' title='bbox 993 4110 1112 4200; x_wconf 85' lang='lat' dir='ltr'><strong>foret</strong></span> <span class='ocrx_word' id='word_1_176' title='bbox 1135 4139 1295 4228; x_wconf 83' lang='lat' dir='ltr'><strong>opera3</strong></span> <span class='ocrx_word' id='word_1_177' title='bbox 1325 4107 1405 4198; x_wconf 90' lang='lat' dir='ltr'><strong>sed</strong></span> <span class='ocrx_word' id='word_1_178' title='bbox 1421 4131 1472 4198; x_wconf 93' lang='lat' dir='ltr'><strong>ut</strong></span> <span class='ocrx_word' id='word_1_179' title='bbox 1497 4110 1658 4201; x_wconf 90' lang='lat' dir='ltr'><strong>harum</strong></span> <span class='ocrx_word' id='word_1_180' title='bbox 1678 4113 1906 4202; x_wconf 88' lang='lat' dir='ltr'><strong>literarum</strong></span> <span class='ocrx_word' id='word_1_181' title='bbox 1925 4115 1985 4202; x_wconf 86' lang='lat' dir='ltr'><strong>fa·</strong></span> 
     </span>
     <span class='ocr_line' id='line_1_22' title="bbox 290 4265 1984 4399; baseline 0.005 -41"><span class='ocrx_word' id='word_1_182' title='bbox 290 4267 421 4358; x_wconf 88' lang='lat' dir='ltr'><strong>cilius</strong></span> <span class='ocrx_word' id='word_1_183' title='bbox 442 4265 705 4360; x_wconf 86' lang='lat' dir='ltr'><strong>redderetur</strong></span> <span class='ocrx_word' id='word_1_184' title='bbox 726 4268 939 4361; x_wconf 88' lang='lat' dir='ltr'><strong>studium.</strong></span> <span class='ocrx_word' id='word_1_185' title='bbox 997 4274 1183 4364; x_wconf 89' lang='lat' dir='ltr'><strong>Etenim</strong></span> <span class='ocrx_word' id='word_1_186' title='bbox 1202 4279 1282 4396; x_wconf 89' lang='lat' dir='ltr'><strong>qui</strong></span> <span class='ocrx_word' id='word_1_187' title='bbox 1299 4297 1428 4366; x_wconf 89' lang='lat' dir='ltr'><strong>notas</strong></span> <span class='ocrx_word' id='word_1_188' title='bbox 1454 4280 1728 4370; x_wconf 89' lang='lat' dir='ltr'><strong>Tironianas</strong></span> <span class='ocrx_word' id='word_1_189' title='bbox 1751 4279 1901 4399; x_wconf 83' lang='lat' dir='ltr'><strong>legere</strong></span> <span class='ocrx_word' id='word_1_190' title='bbox 1916 4278 1984 4367; x_wconf 86' lang='lat' dir='ltr'><strong>in-</strong></span> 
     </span>
     <span class='ocr_line' id='line_1_23' title="bbox 286 4433 1981 4562; baseline 0.006 -42"><span class='ocrx_word' id='word_1_191' title='bbox 286 4433 456 4541; x_wconf 89' lang='lat' dir='ltr'><strong>tendit,</strong></span> <span class='ocrx_word' id='word_1_192' title='bbox 485 4455 618 4556; x_wconf 83' lang='lat' dir='ltr'><strong>atque</strong></span> <span class='ocrx_word' id='word_1_193' title='bbox 647 4437 700 4525; x_wconf 90' lang='lat' dir='ltr'><strong>in</strong></span> <span class='ocrx_word' id='word_1_194' title='bbox 732 4437 879 4558; x_wconf 85' lang='lat' dir='ltr'><strong>aliqua</strong></span> <span class='ocrx_word' id='word_1_195' title='bbox 911 4439 1109 4531; x_wconf 88' lang='lat' dir='ltr'><strong>incertus</strong></span> <span class='ocrx_word' id='word_1_196' title='bbox 1142 4440 1319 4546; x_wconf 89' lang='lat' dir='ltr'><strong>haeret,</strong></span> <span class='ocrx_word' id='word_1_197' title='bbox 1355 4444 1558 4562; x_wconf 83' lang='lat' dir='ltr'><strong>quamvis</strong></span> <span class='ocrx_word' id='word_1_198' title='bbox 1595 4473 1693 4532; x_wconf 90' lang='lat' dir='ltr'><strong>eam</strong></span> <span class='ocrx_word' id='word_1_199' title='bbox 1728 4441 1981 4560; x_wconf 79' lang='lat' dir='ltr'><strong>inteliigere</strong></span> 
     </span>
     <span class='ocr_line' id='line_1_24' title="bbox 289 4595 1979 4729; baseline 0.003 -40"><span class='ocrx_word' id='word_1_200' title='bbox 289 4595 378 4689; x_wconf 89' lang='lat' dir='ltr'><strong>sibi</strong></span> <span class='ocrx_word' id='word_1_201' title='bbox 405 4599 629 4712; x_wconf 85' lang='lat' dir='ltr'><strong>videatur,</strong></span> <span class='ocrx_word' id='word_1_202' title='bbox 667 4603 755 4717; x_wconf 86' lang='lat' dir='ltr'><strong>iam</strong></span> <span class='ocrx_word' id='word_1_203' title='bbox 787 4605 918 4697; x_wconf 87' lang='lat' dir='ltr'><strong>citius</strong></span> <span class='ocrx_word' id='word_1_204' title='bbox 946 4609 1202 4729; x_wconf 90' lang='lat' dir='ltr'><strong>perspicere</strong></span> <span class='ocrx_word' id='word_1_205' title='bbox 1239 4609 1429 4727; x_wconf 88' lang='lat' dir='ltr'><strong>poterit,</strong></span> <span class='ocrx_word' id='word_1_206' title='bbox 1464 4639 1684 4704; x_wconf 87' lang='lat' dir='ltr'><strong>verumne</strong></span> <span class='ocrx_word' id='word_1_207' title='bbox 1706 4605 1894 4714; x_wconf 87' lang='lat' dir='ltr'><strong>viderit,</strong></span> <span class='ocrx_word' id='word_1_208' title='bbox 1921 4631 1979 4694; x_wconf 84' lang='lat' dir='ltr'><strong>an</strong></span> 
     </span>
    </p>
   </div>
   <div class='ocr_carea' id='block_1_5' title="bbox 1098 4869 1118 4918">
    <p class='ocr_par' dir='ltr' id='par_1_5' title="bbox 1098 4869 1118 4918">
     <span class='ocr_line' id='line_1_25' title="bbox 1098 4869 1118 4918; baseline 0 0"><span class='ocrx_word' id='word_1_209' title='bbox 1098 4869 1118 4918; x_wconf 64' lang='grc' dir='ltr'><strong>Χ</strong></span> 
     </span>
    </p>
   </div>
   <div class='ocr_carea' id='block_1_6' title="bbox 0 0 2392 5954">
    <p class='ocr_par' dir='ltr' id='par_1_6' title="bbox 0 0 2392 5954">
     <span class='ocr_line' id='line_1_26' title="bbox 0 0 2392 5954; baseline 0 0"><span class='ocrx_word' id='word_1_210' title='bbox 0 0 2392 5954; x_wconf 95' lang='lat' dir='ltr'><strong> </strong></span> 
     </span>
    </p>
   </div>
  </div>
 </body>
</html>
