4782 5944
1016 635 1074 652 -
1128 589 1214 706 545
1269 563 1354 661 -'

320 796 592 888 Licentiam.
621 819 685 882 222
890 803 1075 892 Licola!
1103 823 1165 888 222
1458 813 1717 936 Lignarius.
1747 845 1808 911 222

193 1023 197 1030 -
323 967 468 1053 Licet.
498 984 560 1044 222
889 967 1063 1056 Lictor.
1092 987 1156 1052 202
1457 979 1680 1101 Lignum.
1709 1007 1771 1072 206

318 1131 654 1218 Lichas-oriam.
674 1093 748 1208 '209
885 1131 1133 1257 Ligarius.
1161 1156 1197 1227 z)
1224 1156 1287 1221 212
1456 1145 1714 1266 Lignithist
1744 1173 1781 1246 a)
1809 1175 1872 1243 222

317 1296 543 1387 Licinius.
572 1307 635 1372 209
885 1296 1035 1416 Ligus.
1064 1319 1125 1382 203
1454 1310 1593 1432 Ligo.
1623 1337 1684 1401 203

318 1464 516 1549 Licium.
547 1475 609 1538 20⁹
887 1461 1137 1581 Ligerem
1351 1482 1353 1487 ·
1454 1475 1676 1600 Ligula?
1705 1501 1740 1572 2
1768 1505 1831 1570 aaa

359 1693 394 1762 2)
422 1682 515 1746 Haud
541 1674 636 1741 dubie
651 1672 735 1758 12122
762 1673 845 1762 spud
869 1677 1043 1743 Gruterum
1066 1690 1122 1768 (p.
1145 1691 1209 1767 29)
1241 1699 1287 1756 222
1315 1704 1407 1760 notae
1434 1667 1651 1790 interpretatio
1680 1719 1872 1798 legatarium
1906 1724 2007 1812 inagis

419 1794 512 1854 etiam
534 1787 612 1850 falsa
633 1786 720 1870 ejus,
750 1807 830 1870 quae
853 1782 1013 1873 seqnitur,
1037 1802 1170 1876 Quintus
1190 1807 1368 1884 tegularias.
1420 1804 1557 1874 Notatur
1585 1815 1670 1878 euim
1696 1841 1814 1886 222222
1840 1832 2009 1913 proprium

420 1925 459 1964 ex
482 1898 639 1963 Cicerone
660 1892 781 1956 nemini
803 1915 870 1954 non
891 1904 1014 1958 notum.
1061 1917 1065 1924 ·

355 2045 393 2114 a)
416 2035 500 2098 Inter
529 2025 687 2096 luminum
716 2049 835 2115 genera
861 2049 962 2114 quum
986 2027 1125 2115 legerem
1156 2041 1317 2120 Ligntttiis,
1349 2048 1386 2103 us
1415 2045 1552 2130 primam
1574 2057 1713 2122 nominis
1736 2063 1885 2147 syllabam
1907 2093 2008 2142 serva-

416 2165 484 2207 rem
495 2183 506 2222 ,
526 2137 656 2225 reposui
669 2135 806 2224 ‚quidem
826 2142 999 2220 Ltgayttsts,
1022 2137 1195 2224 suspicatus
1206 2187 1217 2220 ,
1240 2143 1346 2206 medio
1369 2169 1447 2211 aero
1469 2175 1487 2212 a
1504 2154 1628 2230 λιγνὺς,
1654 2160 1812 2250 Flamma,
1834 2173 2008 2248 barbarum

417 2251 481 2314 hoc
500 2247 635 2318 verbum
657 2244 828 2308 confictum
851 2266 928 2306 2222.
974 2245 1134 2332 Quoniam
1156 2255 1261 2331 autem
1283 2269 1324 2310 ne
1345 2251 1431 2336 apud
1449 2251 1577 2320 infimae
1598 2263 1726 2347 quidem
1746 2277 1852 2339 aetatis
1875 2284 2006 2372 scripto

419 2379 471 2421 res
492 2355 673 2442 reperitur3
704 2349 891 2440 ampliorem
923 2352 1016 2416 etiarn
1041 2353 1248 2417 Gruterianse
1270 2354 1414 2420 lectionis
1437 2365 1687 2433 emendationem
1708 2387 1917 2451 necessariam
1939 2415 2008 2458 esse

419 2463 577 2542 arbitror,
613 2461 847 2548 legendumque
868 2469 1039 2543 Lychnitis,
1073 2460 1159 2548 quod
1188 2462 1315 2546 quidem
1336 2463 1453 2530 herbae
1479 2492 1580 2554 genus
1610 2486 1677 2558 222,
1708 2481 1762 2550 sed
1789 2505 1825 2550 22
1851 2493 1890 2554 ds
1913 2519 2006 2564 causa

417 2596 492 2636 cum
512 2567 712 2658 praecedenti
740 2577 815 2630 nota
836 2579 971 2634 Lucerna
999 2571 1223 2654 conjunctum,
1256 2569 1341 2652 quod
1370 2569 1488 2638 Plinius
1511 2582 1589 2653 (25.
1612 2587 1675 2662 10)
1705 2583 1780 2653 lolia
1809 2594 1875 2679 ejus
1897 2603 1936 2663 ad
1956 2605 2004 2670 lu-

416 2680 502 2740 mine
523 2673 558 2738 in
580 2673 718 2738 lucernis
740 2685 811 2760 epta
834 2697 900 2739 esse
922 2675 1025 2740 tradit.
1076 2672 1133 2738 Est
1155 2685 1186 2737 et
1207 2685 1378 2762 Lyctnttes,
1408 2689 1575 2748 marmoris
1596 2711 1715 2776 genus,
1736 2698 1779 2762 122
1800 2705 2002 2794 appellatum,

413 2783 565 2870 quoniam
587 2764 626 2842 ad
647 2780 851 2844 lucernarum
873 2783 992 2848 lumina
1013 2784 1047 2844 in
1070 2782 1224 2848 cuniculis
1256 2785 1444 2852 caedebatur
1471 2792 1575 2868 (Ptin.
1594 2801 1644 2866 36.
1660 2805 1724 2886 5J3
1756 2817 1889 2876 attamen
1911 2840 2002 2903 pm.

414 2885 496 2948 valet
524 2885 616 2946 lectio
647 2893 811 2970 Lychnitis.
870 2889 964 2976 Quod
992 2899 1104 2968 resisti,
1136 2889 1162 2949 si
1189 2890 1258 2973 quis
1283 2901 1479 2978 lychnuchus
1505 2899 1612 2988 legere
1633 2881 1794 2991 2221222211,
1827 2917 2001 2988 2211222222

414 2991 564 3079 analysis·
580 2990 767 3058 adhibeatur
797 3015 925 3060 2222222
958 3006 1024 3077 222,
1054 2993 1316 3084 statuendumqua
1345 2999 1425 3066 solas
1453 3003 1558 3070 literas
1578 3007 1649 3114 ‘Lll
1670 3024 1763 3079 notae
1789 3017 1895 3109 ligura
1914 3051 1999 3094 com·

407 3097 573 3184 prehendi.

347 3241 382 3312 2)
403 3232 453 3297 Ne
474 3233 618 3314 mireris,
646 3255 698 3298 me
719 3255 780 3324 pro
803 3253 861 3319 eo,
896 3241 980 3328 quod
1002 3237 1086 3327 apud
1107 3235 1283 3302 Gruterum
1303 3252 1351 3306 ast
1371 3253 1474 3314 Ltaota
1494 3231 1601 3341 legere
1623 3267 1748 3347 ligata,
1779 3273 1920 3356 quamvis
1939 3277 1998 3342 alia

410 3342 490 3404 adsit
511 3352 602 3422 nota,
627 3344 679 3405 cui
700 3353 829 3429 Lingula
850 3343 1049 3407 adscribitur.
1101 3341 1238 3407 Diverso
1261 3347 1345 3410 enirn
1368 3371 1463 3418 sensu
1484 3354 1562 3424 haec
1582 3366 1735 3432 vocabula
1755 3393 1774 3434 2
1796 3374 1999 3444 collectionis

409 3450 592 3515 auctoribus
615 3461 741 3538 accepta
763 3471 830 3514 esse
852 3450 1008 3516 videntur.
1071 3459 1210 3538 ligatam
1232 3439 1543 3546 212121222122222,
1567 3490 1630 3552 quo
1652 3472 1749 3536 calcei
1769 3473 1925 3564 ligantur,
1948 3505 1995 3548 se-

408 3561 470 3622 ries
491 3557 666 3623 verborum
689 3558 788 3622 docet.
828 3566 980 3642 'Lingula
1001 3577 1078 3622 vero
1116 3571 1259 3646 elingit
1279 3565 1406 3630 ductum
1430 3590 1514 3651 esse,
1545 3595 1582 3636 ex
1610 3577 1776 3664 utriusque
1797 3591 1889 3645 notae
1909 3609 1994 3652 com·

327 3677 330 3684 .
408 3665 570 3755 paratl⁰¹¹⁰
592 3665 797 3752 perspicuum
821 3673 885 3743 est,
907 3660 1041 3748 ideoque
1063 3663 1195 3729 forsitan
1218 3669 1382 3734 cochleare
1404 3673 1580 3760 significare
1601 3677 1663 3744 h'oc
1678 3681 1833 3747 vocabulo
1851 3669 1991 3758 soluere.

410 3769 505 3834 llaud
538 3769 665 3858 quidem
693 3789 754 3856 ego
784 3767 951 3830 doctorum
976 3765 1119 3830 virorum
1148 3777 1317 3842 sententiae
1340 3780 1538 3848 subscribere
1570 3789 1690 3873 susim,
1723 3792 1780 3878 qui
1812 3793 1993 3866 Martialem

409 3875 631 3962 grammaticos
651 3875 872 3962 perstrinxisse
894 3872 1086 3938 arbitrantur
1107 3876 1247 3948 distichis
1268 3885 1333 3962 (1..
1351 3889 1399 3954 tt.
1419 3888 1458 3952 Ε.
1480 3895 1578 3969 120).

505 4004 645 4080 Quamuis
667 4023 709 4058 me
730 3993 861 4080 ligulam
882 4004 983 4060 dicant
1003 4008 1167 4083 equitesque
1185 4015 1354 4086 patresque,

491 4108 596 4164 'Dicor
616 4105 653 4165 ab
676 4109 798 4164 indoctis
820 4098 939 4188 lingula
959 4115 1170 4189 grammaticis.

404 4213 500 4279 Poeta
528 4215 614 4280 enim
642 4219 710 4306 ipse
738 4221 812 4284 alibi
845 4227 900 4300 (2.
919 4227 970 4294 29.
992 4237 1022 4289 22
1042 4229 1072 4295 8.
1094 4229 1161 4304 59)
1195 4237 1332 4314 utroque
1357 4230 1457 4294 utitur
1485 4233 1633 4318 nemine,
1668 4243 1754 4308 unde
1781 4259 1883 4335 patet,
1917 4276 1991 4322 eum

405 4321 529 4386 nullum
552 4322 692 4388 diversae
714 4327 872 4390 scribendi
893 4330 1022 4395 rationis
1043 4330 1223 4420 respectum
1244 4333 1402 4400 habuisse.
1446 4338 1610 4410 Charisius
1637 4367 1714 4410 vero
1745 4373 1783 4414 ex
1810 4361 1987 4442 grammati·

404 4425 549 4506 2121212,
582 4429 638 4515 qui
659 4439 817 4518 Lingutam
845 4457 864 4496 2
884 4444 993 4522 Ltguta
1012 4437 1260 4524 distinguerent:
1295 4444 1384 4527 cujus
1407 4465 1468 4531 ego
1491 4445 1598 4512 locum
1620 4461 1695 4540 (ap.
1716 4455 1864 4522 Gothofr.
1884 4467 1988 4540 1361)

402 4530 483 4594 male
513 4553 625 4598 sanum
654 4537 698 4600 its
724 4537 952 4602 restituendum
982 4562 1068 4622 asse,
1098 4542 1203 4608 nullus
1235 4543 1361 4610 dubitor
1391 4549 1565 4640 „Lingula
1587 4562 1690 4622 cuin''
1718 4563 1813 4639 (dele
1834 4577 1919 4647 aaa)
1938 4593 1989 4648 „a

402 4633 607 4725 „tinguendo
630 4640 711 4705 dicta
733 4651 796 4723 est,
819 4642 854 4706 12
875 4656 1025 4730 argentos
1048 4647 1083 4716 in
1106 4648 1214 4716 calceis
1237 4671 1314 4722 vero
1334 4660 1471 4740 Ligata”
1492 4661 1586 4738 (dele
1609 4673 1654 4742 a)
1673 4689 1725 4750 „a
1745 4667 1881 4754 ligando.
1925 4673 1988 4740 Sed

1327 4791 1507 4910 „⁶9
