4782 5944
1072 615 1172 696 .···-
1212 581 1296 696 462
1352 627 1410 652 -

416 803 639 919 0110077777.
666 810 771 898 017
980 795 1216 911 Clypeunn
1245 839 1273 880 v·
1288 829 1346 876 m
1365 829 1413 894 77.
1547 801 1763 890 0077706776.
1793 819 1834 890 76

417 965 629 1058 Clitellae.
659 981 701 1047 66
980 956 1342 1086 Clytemestra.
1375 979 1420 1046 66
1547 966 1775 1083 Coarguit.
1807 987 1848 1054 76

416 1125 731 1224 Clitomachus.
758 1137 799 1206 76
980 1155 1047 1214 co.
1078 1143 1118 1212 76
1545 1129 1773 1252 Coccejus.
1806 1151 1849 1218 66

418 1295 582 1385 Clivus.
612 1307 652 1376 67
980 1295 1234 1384 Coacervat.
1262 1307 1306 1372 66
1545 1295 1786 1384 Cocceum.
1816 1321 1857 1386 69

414 1465 598 1556 010707..
621 1474 662 1542 66
979 1459 1222 1549 Coueesoit.
1252 1474 1294 1541 66
1545 1453 1835 1552 Coccineum.
1862 1483 1907 1549 66
1940 1473 1944 1480 ’

363 1587 364 1592 1
414 1629 604 1720 Cloelio!
634 1642 676 1707 6ο
980 1621 1203 1711 Coactilis.
1234 1638 1272 1703 77
1543 1624 1757 1712 Coccum,
1780 1645 1827 1711 '59

415 1789 617 1884 Clodius.
647 1803 698 1872 66.
720 1791 763 1870 66
981 1788 1185 1875 Coactus.
1217 1799 1258 1866 76
1544 1785 1790 1899 Cochejus!
1817 1810 1858 1876 59

415 1959 599 2048 Cloelia.
627 1969 670 2035 66
980 1947 1189 2038 Coacuit!
1220 1964 1261 2030 66
1544 1953 1721 2042 coclea,
1749 1970 1791 2040 60

415 2123 631 2236 oloppus.
660 2123 701 2196 o
853 2079 864 2112 *
980 2109 1236 2232 coadjuu.
1266 2133 1306 2200 n
1542 2113 1706 2206 coeles.
1742 2135 1784 2200 0

415 2277 659 2374 clostrum.
688 2293 733 2362 66
979 2276 1307 2394 Coeegyptins!
1339 2297 1377 2368 7)
1405 2293 1450 2364 66
1542 2281 1716 2370 Coctio.
1746 2295 1788 2363 57

411 2445 578 2540 Cludit.
598 2459 646 2526 66
978 2437 1254 2558 Coaequalis.
1287 2458 1329 2524 76
1542 2446 1721 2533 Coctor.
1750 2465 1788 2529 57

412 2605 587 2705 Clunia.
617 2627 659 2694 66
977 2610 1265 2726 Coagmenta.
1295 2623 1336 2690 66
1540 2611 1814 2698 Coctumst

409 2775 648 2894 Clupeum.
677 2785 719 2855 68
977 2770 1271 2888 Coagnitum!
1298 2787 1340 2855 66
1541 2770 1752 2888 Cocytus.
1782 2789 1821 2856 74

1021 2887 1108 2946 (Abest
1126 2903 1141 2937 a
1158 2886 1220 2938 libro
1239 2888 1317 2946 cass.)

410 2957 566 3048 Clusit.
591 2967 633 3036 66
910 2959 914 2964 ’
976 2954 1240 3072 coagulum,
1268 2973 1307 3038 53
1540 2950 1713 3042 Codex·
1741 2975 1779 3038 ῃ

409 3115 688 3213 cluventius.
717 3128 758 3197 66
977 3116 1208 3210 Coalescit.
1233 3130 1274 3198 56
1539 3113 1815 3216 Codicarius.
1841 3137 1882 3205 76

408 3282 610 3375 Cluvius.
636 3297 677 3364 66
975 3279 1166 3370 Coaluit.
1194 3290 1253 3363 56-
1539 3281 1744 3374 Codices.
1773 3305 1813 3370 76

408 3441 697 3577 Clypeolem.
718 3453 769 3523 79
973 3445 1257 3570 coangustat.
1288 3461 1329 3528 66
1538 3445 1760 3536 0071101111.
1791 3463 1831 3532 77

445 3695 484 3773 g)
506 3695 652 3774 clipeum,
681 3693 711 3750 et
732 3691 888 3770 clupeum,
910 3677 1039 3748 diversis
1061 3676 1143 3747 notis
1163 3695 1323 3752 notentur.
1368 3685 1505 3748 Plinium
1533 3687 1685 3770 mojorem
1711 3695 1808 3756 secuti
1836 3715 1902 3758 esse
1929 3699 2085 3782 videntur,

506 3796 560 3880 qui
580 3795 807 3884 pugnatorium
827 3811 887 3882 per
908 3791 942 3874 1,
964 3794 1135 3882 imaginem
1155 3818 1232 3859 vero
1253 3820 1311 3884 per
1332 3793 1361 3860 V
1385 3793 1587 3858 scribendum
1610 3817 1676 3860 esse
1698 3813 1822 3883 censet,
1845 3825 1939 3888 quem
1959 3807 2086 3894 quidem

507 3901 574 3983 ejus
596 3899 779 3984 opinionem
800 3901 916 3965 refutet
939 3901 1100 3988 Sosipater
1121 3901 1297 3980 (Gothofr.
1317 3905 1432 3979 1361).

446 4035 484 4106 h)
507 4027 577 4091 Sive
600 4027 639 4089 sit
656 4035 854 4120 Coeegyptus,
877 4029 940 4092 sive
957 4037 1166 4128 Coeegypties,
1189 4057 1284 4098 nemo
1305 4057 1454 4120 umquam
1469 4031 1631 4122 intelliget.
1673 4033 1829 4124 Equidem·
1844 4043 1945 4104 Comes
1959 4045 2089 4129 Aegypti
2191 4091 2194 4096 -

478 4171 480 4176 ,
507 4129 676 4218 legendum
709 4153 775 4194 erse
803 4131 958 4213 arbitror,
995 4133 1033 4197 de
1067 4161 1129 4222 quo
1159 4149 1188 4204 et
1217 4141 1326 4205 Codex
1352 4137 1595 4205 Tlreodosiunus
1627 4137 1671 4222 (1.
1693 4166 1748 4208 un.
1771 4147 1809 4210 de
1833 4149 1937 4210 comit.
1960 4159 1990 4212 et
2010 4150 2082 4212 trib.

505 4238 677 4318 scholam),
701 4249 732 4302 et
752 4239 870 4302 Notitio
891 4239 977 4326 dign.
999 4243 1163 4332 utriusque
1182 4249 1307 4336 imperii
1329 4247 1504 4328 (Gotholr.
1523 4250 1560 4312 771
1584 4249 1662 4313 0071.
1685 4251 1748 4315 Th.
1766 4249 1812 4317 ed.
1830 4253 1939 4317 1116677.
1958 4255 1996 4316 11.
2012 4257 2082 4333 99).

504 4342 628 4408 Primus
656 4343 695 4405 ub
722 4345 867 4431 Augusto
894 4347 1079 4412 constitutus
1107 4350 1167 4417 suit
1195 4355 1530 4433 (8710777771Τ771).
1558 4357 1635 4422 Poll.
1657 4359 1843 4439 Moerim).
1899 4359 2010 4450 Neque
2030 4385 2082 4428 me

506 4459 631 4528 movet,
661 4449 746 4536 quod
767 4449 849 4536 apud
871 4449 1044 4518 Gruterum
1067 4472 1242 4543 sequuntur
1264 4474 1446 4556 Coaegyptio
1468 4476 1498 4530 et
1519 4475 1745 4562 Cooegyptious‚
1777 4468 1928 4554 siquidem
1950 4481 2082 4558 utreque

506 4556 585 4620 bueo
613 4566 688 4620 77067
714 4557 837 4621 alibro
861 4558 1029 4625 0777717770
1050 4564 1137 4631 717776
1142 4615 1154 4652 ,
1185 4580 1217 4636 et
1237 4582 1306 4638 tum
1327 4573 1455 4638 demum
1475 4573 1592 4639 17776767
1614 4595 1681 4638 esse
1708 4572 1848 4655 videtur,
1878 4597 1978 4661 quum
1999 4574 2081 4638 illiue

501 4685 609 4732 rensus
631 4665 750 4734 alienus
772 4667 836 4752 jem
856 4671 1043 4759 irrepsisset.
