4754 5940
979 637 1039 656 ....
1098 591 1182 701 545
1237 638 1295 655 ..

286 813 511 904 Tomaros.
536 813 581 906 ζα)
602 783 663 898 585
853 781 1200 924 Tetragonium.
1234 825 1294 893 555
1430 805 1520 893 the.
1552 821 1614 888 588

287 951 529 1083 Tessellae.
556 1012 616 1078 585
851 983 1113 1076 Tetrarcha.
1145 1003 1208 1070 sot
1426 985 1690 1074 Theatralis.
1721 1007 1783 1073 588

286 1159 490 1244 Τ855888.
519 1173 581 1238 585
851 1151 1076 1237 Tetricus.
1106 1167 1167 1234 558
1425 1145 1689 1240 Theatrum.
1719 1169 1780 1234 588

283 1317 680 1406 Testamentarius.
710 1333 770 1400 588
852 1315 1048 1402 Teucer.
1074 1336 1135 1401 555
1424 1314 1597 1402 Theca.
1627 1335 1688 1398 555

217 1551 222 1562 .
282 1477 737 1596 Testamentogreph.
757 1497 820 1563 555
855 1479 1266 1563 Teutomeres
1428 1475 1648 1570 Themis?
1675 1497 1735 1562 559
1772 1473 1779 1487 ’

284 1645 636 1729 Testamentum.
665 1658 727 1725 568
853 1639 1073 1746 Τ8551558
1091 1659 1194 1738 rego)
1216 1655 1275 1722 555
1424 1644 1802 1764 Themistagoras.
1832 1667 1893 1730 558

285 1805 579 1894 Testificatur.
609 1823 670 1886 558
852 1797 1048 1884 Textile.
1076 1817 1140 1882 555
1425 1809 1768 1896 Themistocles,
1798 1827 1863 1894 588

288 1970 639 2058 Testimonium.
668 1987 729 2052 588
778 1973 807 2038 Γ
851 1963 1050 2047 Textor.'
1068 1975 1130 2042 568
1425 1969 1631 2058 Themog
1661 1992 1720 2056 376

290 2136 452 2222 Testis.
484 2151 545 2216 588
657 2147 664 2160 ·
854 2124 1141 2212 Textrinum.
1167 2144 1229 2210 558
1422 2125 1827 2220 Theoderetanus!
1852 2154 1911 2222 335

288 2293 551 2385 Testitudoi
581 2316 642 2382 585
743 2389 748 2414 ¹
856 2289 1062 2374 Textrix.
1092 2307 1153 2372 585
1321 2373 1323 2378 ,
1422 2290 1711 2382 Theodorus.
1742 2315 1804 2377 555

102 2433 108 2446 ’
168 2517 177 2530 ,
288 2460 611 2574 Testudinum.
639 2481 700 2547 585
853 2449 943 2537 tha.
974 2467 1035 2531 558
1204 2513 1208 2518 -
1421 2453 1734 2546 Theodotion.
1764 2485 1799 2553 8)
1820 2479 1881 2543 588
1909 2527 1912 2536 ,

295 2621 510 2713 Testudo.
541 2641 603 2705 585
853 2615 969 2704 thoe.
1000 2637 1062 2700 558
1421 2619 1706 2714 Theodotus.
1738 2615 1839 2712 585’

287 2781 518 2874 Tetendit.
548 2801 611 2865 558
724 2852 726 2862 ,
857 2778 1115 2870 Thalamus.
1145 2807 1207 2874 588
1428 2783 1768 2877 Theomnastus.
1788 2751 1875 2878 558.

289 2949 476 3068 Tetigit.
506 2963 566 3030 555
857 2943 1024 3032 There.
1061 2963 1122 3028 585
1429 2945 1744 3069 Theophanes.
1775 2977 1837 3044 588

889 3061 973 3114 Filius
992 3058 1112 3119 11581588.

392 3181 559 3269 aliquando
586 3181 725 3268 reperies
749 3177 878 3258 (Gloss.
898 3180 1038 3270 cyrille.
1092 3181 1137 3246 158
1166 3185 1259 3246 etiem
1287 3192 1401 3250 Titioue
1429 3185 1513 3270 apud
1536 3185 1720 3254 Petronium
1744 3193 1836 3270 (61)
1860 3192 1972 3259 dicitur

392 3316 453 3380 pro
475 3299 651 3357 Phthiatem.

332 3435 370 3504 o)
394 3427 495 3490 Notae
515 3423 654 3511 figuram
674 3422 793 3488 contuli
816 3447 889 3488 cum
912 3448 966 3505 85,
989 3448 1068 3514 qum
1089 3427 1123 3489 in
1144 3427 1228 3492 libro
1253 3426 1339 3490 Coss.
1358 3436 1413 3489 855.
1447 3425 1736 3513 interpretationem
1759 3427 1868 3496 salsam
1889 3455 1968 3520 8558,

393 3557 432 3596 ex
459 3534 527 3620 ipsa
557 3543 632 3596 nota
659 3542 761 3620 patet,
793 3534 882 3618 cujus
909 3533 1012 3596 literas
1040 3557 1135 3598 nemo
1156 3537 1321 3624 quisquam
1340 3547 1524 3621 sclropteotea
1542 3535 1647 3623 legere
1668 3537 1792 3624 poterit.
1846 3541 1973 3610 Nomen

392 3639 566 3722 Τέσσαρες,
597 3638 683 3726 quod
704 3637 838 3722 subjeci,
871 3648 981 3725 sponte
1003 3639 1130 3726 quidem
1149 3641 1310 3740 procedit5
1337 3643 1391 3706 sed
1413 3643 1531 3705 mirum
1550 3641 1673 3706 videtur
1701 3644 1877 3729 18881888,
1908 3673 1973 3738 quo

384 3758 625 3814 Schoenolvatiooe
654 3749 729 3811 artis
770 3757 801 3808 85
822 3757 1104 3814 Petauristariorum
1136 3753 1254 3811 mentio
1282 3747 1326 3814 fit.
1378 3748 1502 3836 Quodsi
1528 3749 1781 3814 terminationem
1808 3755 1975 3838 paululum

385 3857 552 3920 immutare
572 3854 700 3935 liceret,
722 3867 776 3935 ut,
799 3854 884 3942 quod
906 3877 992 3918 nunc
1013 3882 1041 3918 es
1063 3864 1126 3935 est,
1149 3852 1239 3917 fieret
1259 3883 1290 3934 8,·
1318 3853 1481 3942 probanda
1503 3853 1585 3917 soret
1605 3854 1696 3918 lectio
1723 3868 1904 3942 Τ858888588,
1936 3887 1976 3928 ex

395 3973 469 4026 notu
491 3973 610 4028 Tesana
626 3957 674 4024 ’88
699 3960 821 4026 facilius
844 3959 1018 4048 procedens
1029 4006 1040 4036 ,
1071 3961 1157 4048 quod
1184 3961 1339 4041 11588511,
1367 3969 1485 4024 8858885
1511 3979 1694 4045 personans,
1728 3961 1907 4052 Lquoquo
1930 3989 1975 4032 ar-

394 4093 495 4158 guere
524 4069 648 4134 videtur
669 4069 834 4144 (§.286).
888 4065 950 4130 Sed
977 4066 1070 4130 etium
1098 4065 1157 4128 8118
1186 4077 1231 4128 855
1259 4066 1457 4150 conjectura,
1486 4085 1565 4150 quse
1587 4063 1714 4152 quidem
1737 4068 1873 4131 maxime
1896 4074 1977 4136 58818

395 4179 571 4244 verborum
593 4175 810 4240 confirmatur.
872 4174 997 4239 Scilicet
1023 4195 1123 4260 quum
1149 4195 1215 4234 una
1236 4171 1404 4256 eademque
1425 4169 1601 4233 Tironiana
1627 4170 1734 4258 figure
1755 4173 1795 4238 515
1817 4175 1973 4262 1158888515

396 4308 470 4350 cum
500 4285 521 4347 S
553 4281 735 4366 conjuncti,
768 4291 798 4346 et
824 4279 987 4354 literarum
1008 4277 1064 4342 TS
1087 4279 1327 4362 conjunctarum
1348 4283 1513 4362 (§.171);
1541 4287 1679 4346 tetriores
1700 4282 1812 4364 etiam,
1836 4305 1894 4368 pro
1914 4295 1971 4350 555-

389 4403 526 4470 58νί8888,
551 4388 658 4476 legere
681 4389 794 4475 possis.
839 4387 961 4452 Pariter
982 4386 1068 4448 enim
1088 4383 1259 4470 negligitur
1280 4381 1448 4469 adspiratio
1466 4383 1501 4448 iu
1522 4397 1597 4452 uota
1616 4398 1744 4454 55555858.

338 4541 373 4612 5)
395 4534 425 4596 Α
445 4529 530 4594 libro
553 4529 642 4594 Coss.
661 4526 749 4592 abest
769 4525 849 4592 haec
869 4540 963 4610 nota,
993 4551 1092 4614 quae,
1122 4547 1220 4614 quum
1242 4535 1360 4611 puncto
1383 4527 1588 4609 terminetur,
1619 4539 1737 4591 8885885
1756 4543 1862 4600 casum
1882 4525 1977 4612 tigni·

402 4637 495 4719 11885,
517 4636 580 4704 5158
603 4635 763 4708 Θεοδότης
784 4639 839 4714 (2.
856 4635 969 4699 Mach.
988 4637 1036 4700 14.
1053 4635 1118 4710 19)
1140 4631 1195 4712 515,
1218 4629 1283 4696 sire
1305 4639 1469 4702 'theodotio
1492 4633 1632 4710 (118888.
1646 4633 1686 4698 ad
1704 4653 1731 4694 a.
1752 4631 1846 4708 184).
