4776 5964
995 598 1309 712 *4¹5-

303 829 578 920 Abrincatas.
614 838 721 915 not
840 799 1131 904 ¹Abscondit
1179 831 1221 894 10
1445 812 1669 902 Absumit
1707 830 1746 896 tt

302 995 515 1112 Abrogat.
554 1007 594 1068 u
866 977 1213 1068 Absconditum.
1257 995 1298 1060 10
1443 991 1719 1078 Absurdum.
1758 1009 1800 1073 u

302 1159 599 1270 Abrumpere.
640 1169 680 1232 55
865 1144 1056 1234 Absens.
1098 1161 1119 1226 5
1441 1173 1670 1262 Abundat.
1712 1191 1752 1254 12

301 1319 557 1435 Abrumpit.
594 1338 635 1402 51
863 1310 1095 1401 Absentia.
1137 1324 1157 1390 5
1440 1350 1653 1442 Abunde·
1694 1369 1733 1434 13

302 1487 409 1574 Abs.
456 1502 497 1567 55
864 1475 1084 1563 Absolvit.
1129 1488 1170 1553 56

304 1646 530 1740 Abscedit.
573 1663 593 1728 5
863 1640 1101 1728 Absorbet.
1144 1653 1185 1719 56

304 1817 561 1902 Abscessus.
605 1827 625 1893 5
862 1803 1122 1892 Absorbuit.
1164 1819 1205 1884 55

304 1975 524 2068 Abscidit.
548 1997 585 2070 (a
602 1997 719 2068 caeso)
741 1993 782 2057 ιο
862 1966 1061 2083 Absque.
1105 1981 1147 2048 29

306 2129 524 2220 Abscidit.
548 2152 585 2221 (a
604 2149 706 2218 cao)
732 2146 773 2208 10
861 2129 1101 2248 Abstergit.
1147 2149 1186 2214 15

305 2294 523 2386 Abscidit.
533 2313 799 2387 (praet-scaete)
808 2309 848 2372 1⁰
866 2295 1095 2386 Abstersit.
1138 2311 1203 2377 55·
1440 2265 1720 2358 Academia.
1769 2291 1807 2363 t)
1836 2291 1895 2376 ‚1⁰

306 2457 526 2549 Abscidit.
549 2479 586 2550 (5
606 2480 734 2551 satias)
756 2478 797 2542 55
866 2459 1088 2548 Abstinct.
1133 2477 1175 2541 24
1441 2447 1741 2542 Acamam‘a.
1781 2468 1817 2539 ο)
1860 2467 1900 2533 15

306 2626 530 2713 Abscisus.
578 2643 620 2706 10
865 2625 1074 2714 Abstulit.
1119 2642 1161 2705 58
1442 2626 1637 2716 Aratus.
1664 2645 1714 2725 ,5)
1755 2645 1774 2708 5

1439 1527 1633 1654 Abusus,
1674 1544 1715 1610 55

1439 1728 1665 1816 Abutitur.
1708 1740 1768 1826 55,

1440 1903 1655 2018 Abyssus.
1694 1913 1735 1976 5³

1440 2085 1522 2173 Ac.
1564 2101 1586 2166 9
1628 2104 1673 2176 (1
1690 2101 1726 2176 t)

349 2847 395 2914 m)
411 2847 602 2915 abrincatas,
627 2835 909 2900 hodierraaalaes.
953 2836 1045 2900 Unde
1058 2857 1134 2900 vero
1149 2838 1327 2903 terminatio
1342 2867 1374 2904 as
1388 2841 1442 2922 sit,
1467 2862 1546 2929 quae
1563 2849 1710 2928 qarartum
1727 2863 1834 2904 casum
1854 2842 1990 2928 denotat,

409 2946 580 3010 videamus.
623 2941 749 3027 Regum
771 2941 969 3006 Francorum
991 2943 1158 3030 diplomata
1184 2969 1202 3008 a
1230 2947 1360 3010 notariis
1389 2971 1427 3010 ex
1456 2969 1511 3011 ore
1539 2945 1714 3010 cancellarii
1741 2948 1880 3034 primum
1908 2952 1992 3016 notis

385 3143 389 3150 ¹
411 3051 595 3116 Tironianis
616 3049 727 3112 leviter
748 3060 895 3138 excepta,
921 3049 1032 3112 deinde
1052 3049 1150 3112 literis
1164 3050 1346 3138 vulgaribus
1361 3052 1535 3141 perscripta
1556 3049 1670 3131 fuisse,
1694 3051 1838 3137 superius
1860 3061 1993 3136 (§·358)

411 3160 484 3224 dixi.
527 3157 576 3220 Ex
599 3157 756 3242 ejusmodi
777 3155 891 3220 scheda
911 3157 964 3219 illa
984 3167 1059 3220 nota
1074 3155 1201 3220 fluxisse
1216 3157 1349 3223 videtur.
1394 3157 1523 3220 Pactum
1537 3157 1622 3220 enim
1636 3157 1719 3220 inter
1736 3159 1996 3229 Gunthramnum

282 3327 288 3338 .
412 3277 443 3333 at
472 3263 735 3344 Childebertum,
773 3284 863 3348 reges
896 3261 1114 3344 Francorum,
1151 3273 1243 3349 atque
1274 3261 1520 3325 Brunechildsm
1549 3264 1713 3352 reginam,
1752 3266 1838 3352 quod
1873 3270 1997 3356 primus

411 3372 551 3460 vulgavit
580 3369 755 3455 Gregorius
787 3366 987 3432 Turonensis
1026 3370 1092 3448 (h.
1107 3371 1137 3437 9.
1173 3394 1205 3457 p.
1224 3373 1330 3449 tto),
1366 3370 1449 3432 inter
1479 3368 1539 3434 alia
1567 3369 1663 3433 habet
1692 3371 1803 3452 „duas
1832 3377 1994 3460 portiones

412 3481 484 3566 „de
507 3513 549 3529 -
569 3487 709 3556 Pictavis,
731 3484 927 3555 Abrincasas,
949 3475 1033 3540 cet.’'
1064 3475 1193 3540 diversis
1221 3475 1344 3542 casibus
1373 3473 1509 3542 barbare
1532 3475 1821 3562 Merovingicorun
1843 3500 1933 3540 more
1954 3481 1996 3544 ita

412 3589 537 3677 junctis.
600 3585 699 3672 Atqui
733 3583 821 3646 hisce
854 3583 930 3670 ipsis
969 3582 1092 3646 casibus
1129 3583 1237 3646 eadem
1266 3579 1396 3643 nomina
1424 3580 1458 3641 in
1487 3579 1670 3644 collectione
1698 3592 1806 3645 nostra
1832 3583 1993 3669 leguntur.

414 3697 542 3762 Etenim
563 3715 624 3784 pro
647 3703 766 3760 Pictore
787 3699 833 3754 est
854 3697 911 3776 (p.
929 3691 1014 3768 tlt)
1035 3701 1174 3771 Ρίσὶαυίε,
1204 3699 1234 3752 et
1262 3709 1322 3776 pro
1343 3695 1522 3752 Abrincatae
1548 3695 1604 3772 (p.
1619 3692 1704 3765 142)
1733 3697 1926 3756 Abrincatass
1958 3714 1997 3756 ex

414 3830 479 3896 quo
506 3826 622 3892 magna
646 3793 833 3889 significatio
860 3793 918 3878 fit,
954 3795 1146 3862 collectionis
1176 3806 1318 3861 auctores
1347 3817 1414 3860 nen
1443 3794 1506 3857 nisi
1536 3816 1574 3856 ex
1607 3794 1670 3858 hoe
1700 3791 1787 3858 sonte
1817 3793 1873 3858 has
1905 3811 1994 3866 notas

412 3910 566 3977 hausisse.

355 4061 394 4134 n)
416 4053 508 4116 Licet
528 4047 675 4136 aspiratio
697 4041 783 4109 haud
804 4041 898 4108 dubie
914 4025 993 4106 ¹insit
1013 4044 1048 4107 in
1068 4053 1162 4129 nota3
1193 4051 1383 4110 Academiam
1403 4051 1508 4104 umen
1529 4059 1612 4118 esse,
1635 4038 1789 4126 oppidum
1810 4029 1998 4128 0555ριιηί55,
2121 4027 2123 4032 ’

416 4158 512 4230 hodie
534 4165 631 4242 Bagai
653 4163 685 4219 di
707 4163 833 4234 Tritati,
857 4173 895 4214 ax
909 4172 947 4214 eo
969 4150 1105 4240 colligo,
1134 4153 1220 4241 quod
1239 4150 1345 4240 plures
1369 4149 1472 4214 ltaliae
1494 4149 1631 4214 civitates
1652 4147 1687 4209 in
1708 4147 1892 4214 collectione
1914 4150 1996 4217 hanc

420 4274 605 4354 sequuntur.

360 4399 396 4474 a)
417 4397 446 4458 A
466 4404 542 4457 nota
562 4391 649 4456 abest
670 4391 842 4477 aspiratio,
861 4413 965 4481 neque
978 4414 1046 4456 eam
1060 4393 1192 4460 admittit
1204 4394 1294 4459 litera
1313 4393 1346 4457 lt
1366 4412 1426 4481 pro
1448 4417 1486 4456 aa
1500 4393 1632 4468 (1.117)
1652 4389 1686 4450 in
1706 4386 1842 4451 secunda
1862 4389 1999 4453 nominis

419 4502 545 4590 syllaba.
589 4499 664 4564 Pars
687 4509 827 4566 Graeciae
846 4498 910 4565 ho'c
931 4503 1061 4565 nomine
1084 4501 1244 4590 appellata.

356 4645 397 4724 p)
418 4635 556 4806 {levium
575 4657 694 4803 ggnera
716 4645 915 4808 rgcensentes
936 4633 1023 4701 hane
1042 4645 1151 4701 notam
1171 4634 1376 4699 inseruerunt
1405 4628 1597 4698 collectionis
1625 4638 1779 4696 auctores.
1835 4627 1899 4696 Sed
1924 4625 2004 4691 mals

434 4749 569 4830 egerunt
640 4763 701 4829 pro
752 4787 761 4806 .
