4754 5940
994 591 1304 710 ...579-

309 804 547 902 Panncla!
568 825 608 907 g)
629 821 691 886 888
876 801 1148 893 Paradisum.
1175 825 1237 892 888

1442 805 1618 894 Parent.
1649 828 1713 896 265

213 1021 228 1054 s
310 973 592 1064 Panuncula!
618 986 678 1052 888
874 971 1264 1088 Paralipomenon.
1292 987 1353 1054 888
1439 969 1698 1060 Parentalia.
1729 989 1791 1056 888

309 1147 439 1260 Papa.
470 1153 532 1220 888
775 1211 783 1225 .
874 1135 1150 1224 Paraliticus!
1179 1157 1211 1228 8
1239 1150 1303 1217 888

309 1309 429 1420 Papa
452 1321 618 1392 noster.
646 1317 707 1384 888
875 1295 1101 1412 Paralysis.
1130 1317 1193 1382 888

310 1474 519 1587 Papauer.
549 1483 610 1548 888
875 1460 1157 1576 Paralyticus.
1185 1482 1246 1547 888

308 1629 626 1750 Paphlagonia.
657 1644 719 1710 888
873 1622 1209 1743 Parapa'estos.
1235 1641 1294 1709 888

308 1797 495 1914 Papilio.
525 1809 588 1875 888
872 1788 1106 1875 Parasitus.
1136 1806 1199 1870 888
1248 1806 1253 1820 “

307 1960 486 2076 Papilla.
513 1975 576 2040 898
847 1933 1200 2069 sParcestatica.
1231 1970 1294 2034 888

925 2059 1053 2121 (Rerncs.
1067 2057 1152 2116 inscr.
1167 2077 1196 2129 p.
1209 2071 1258 2129 143
1265 2069 1289 2122 ).

309 2141 525 2258 Papirius.
553 2152 615 2218 888
871 2132 1009 2216 Perat.
1039 2145 1100 2210 885

307 2275 487 2421 Papula.
517 2317 584 2384 888
860 2291 1181 2390 Paravercdus.
1211 2309 1273 2375 888

307 2440 403 2555 Par.
433 2481 495 2548 888
874 2452 1118 2544 Paraulos.
1149 2478 1184 2548 a)
1205 2474 1268 2539 888

305 2633 530 2717 Parabola.
560 2648 626 2732 888
858 2621 1030 2707 Parcit.
1058 2641 1121 2705 888

305 2789 591 2880 Paracletus.
625 2807 688 2872 888
870 2781 1051 2870 Pardus
1081 2799 1142 2865 818

308 2952 610 3082 Paraclytos.
637 2975 676 3046 a>
697 2967 758 3034 888
870 2950 1049 3034 Parcus.
1078 2960 1140 3028 888

1438 1134 1745 1224 Parenticida.
1767 1160 1795 1228 8)
1820 1155 1880 1222 888

1438 1301 1608 1386 Parere.
1630 1321 1723 1392 (terr.
1742 1323 1836 1397 conj.)
1858 1316 1922 1382 888

1437 1465 1578 1550 Paret.
1605 1480 1667 1546 265

1438 1629 1576 1714 Paria.
1603 1643 1664 1708 888

1439 1793 1601 1880 Parios.
1630 1807 1691 1874 291

1438 1959 1648 2046 Parieius.
1673 1971 1739 2038 888

1436 2131 1566 2216 Parit.
1597 2147 1661 2209 888

1435 2291 1626 2376 Parium.
1656 2313 1717 2377 888

1436 2451 1670 2542 Parricida.
1700 2473 1764 2540 888

1436 2623 1552 2708 Pars.
1580 2639 1629 2710 m)
1655 2633 1729 2706 888.
1757 2639 1822 2702 888

1436 2785 1539 2870 Pars
1565 2780 1758 2872 adversa.
1787 2805 1849 2870 888

1438 2949 1730 3038 Parsimonia.
1759 2967 1822 3033 888

344 3136 385 3215 g)
406 3127 456 3191 Ex
478 3126 604 3192 Isidoro
626 3135 657 3188 et
676 3122 836 3212 glossariis
858 3123 955 3188 medii
974 3124 1043 3191 aeri
1062 3123 1095 3187 id
1114 3120 1305 3188 vocabulum
1328 3121 1520 3224 Gruleriano
1542 3133 1717 3190 Paauncala
1739 3124 1895 3191 substitui.

344 3264 385 3336 8)
404 3255 497 3321 Duae
519 3265 593 3320 euru
610 3264 703 3318 notae
712 3301 724 3336 ,
749 3277 830 3343 quac
847 3255 959 3321 eodem
979 3253 1135 3324 vocabulo
1154 3254 1238 3342 apud
1254 3254 1429 3322 Gruterum
1449 3256 1664 3344 explicantur,
1684 3260 1861 3350 quibusque
1875 3261 1992 3326 Graece

405 3365 537 3430 nomina
556 3362 725 3451 adscripsi,
747 3373 784 3428 ut
805 3363 1086 3453 distinguerenusr.
1171 3387 1175 3393 ·

345 3503 377 3574 ι’)
407 3496 491 3562 cave
520 3495 606 3582 legas
637 3505 837 3578 Paralyricus.
899 3493 970 3558 Hoc
1000 3496 1085 3558 enim
1112 3495 1172 3558 alia
1197 3505 1273 3558 nole
1300 3506 1437 3560 notrum.
1503 3497 1587 3582 Quid
1613 3520 1690 3562 vero
1717 3500 1801 3564 istud
1823 3498 1986 3586 significet,

405 3601 551 3687 aenigma
578 3611 639 3682 est,
671 3602 758 3690 quod
782 3623 851 3668 nou
881 3624 982 3668 conor
1008 3603 1181 3688 attingere,
1216 3601 1366 3688 proniani
1392 3604 1477 3668 inter
1505 3606 1677 3692 composite
1704 3627 1778 3670 cum
1806 3617 1896 3673 Parae
1924 3607 1987 3668 hoc

406 3730 525 3773 nornen
545 3708 671 3796 legitur.

347 3849 382 3922 8)
409 3839 540 3930 Duplici
558 3839 666 3906 literae
687 3841 722 3924 P,
745 3842 879 3929 quaein
899 3851 975 3906 nota
1004 3850 1067 3922 est,
1085 3835 1326 3952 'significatione
1348 3839 1496 3926 deceptus
1523 3840 1679 3928 interpres
1707 3841 1791 3930 apud
1813 3842 1987 3908 Gruterum

407 3961 554 4017 Proteulis
581 3949 665 4035 legit.

323 4089 379 4170 l)
404 4082 570 4171 Nusquam
598 4079 757 4168 reperitur
785 4077 847 4142 hoc
867 4075 1057 4143 vocabulum
1069 4122 1080 4157 ,
1106 4076 1170 4139 uisi
1188 4075 1273 4163 apud
1289 4075 1509 4160 Priscianum,
1539 4078 1595 4164 qui
1616 4087 1815 4160 Parricidom,
1842 4081 1901 4162 ait,
1930 4035 1989 4169 pir

411 4209 574 4274 syncopen
602 4185 686 4250 illius
718 4185 838 4252 dictum
866 4204 944 4248 esse.
992 4182 1096 4251 Aliam
1120 4203 1163 4266 ex
1192 4182 1301 4248 Plauto
1330 4181 1449 4269 (Epid.
1466 4189 1496 4251 ὅ.
1515 4189 1547 4250 2.
1568 4188 1632 4261 13)
1661 4185 1875 4271 conjecturem
1896 4183 1988 4268 addo,

406 4296 462 4378 qul
483 4301 694 4362 Perculicidam
716 4291 821 4356 habel.

347 4434 394 4502 m)
411 4425 499 4488 Duas
522 4438 632 4507 notas,
654 4421 769 4512 quihus
790 4423 853 4484 hoc
874 4417 1065 4484 vocabulum
1087 4417 1448 4508 significamr‚-recepi,
1471 4421 1602 4486 alteram
1623 4445 1661 4488 ex
1683 4421 1899 4512 diplomalsrio
1918 4417 1984 4482 Lu·

406 4531 510 4596 dauci
531 4532 579 4594 Pii
600 4542 658 4618 (p.
678 4533 762 4616 50),
796 4525 925 4588 alierum
947 4546 985 4588 ex
1008 4525 1195 4588 Gruteriaua
1217 4525 1412 4594 Collcclione
1437 4537 1492 4616 (p.
1515 4533 1594 4612 51).
1647 4530 1735 4598 lllum
1756 4525 1981 4614 Carpentierus

406 4659 574 4728 perperam
595 4638 795 4727 exscripsisse
817 4633 962 4720 rideturr
983 4631 1062 4702 hacc
1083 4651 1158 4704 vere
1178 4639 1233 4698 esc
1257 4682 1267 4700 .
