4752 5954
993 598 1282 694 ...nsi-..¹

286 841 429 932 ullum
451 827 639 953 quidem
662 823 948 944 reperissem,
975 822 1057 942 qui
1090 821 1234 910 saltim
1256 809 1407 936 legere
1432 808 1707 904 Tironianas
1731 832 1860 910 notas
1879 849 1981 948 pos.

286 1028 363 1098 set.
423 1003 664 1122 Quotquot
690 997 829 1117 igitur
858 1023 1029 1082 errores
1059 991 1151 1080 hoo
1183 984 1398 1104 temporis
1436 979 1677 1068 intervallo
1707 984 1982 1080 anirnadver.

287 1176 346 1278 ti,
391 1201 468 1262 eos
493 1168 758 1286 neutiquam
783 1161 1082 1252 dissimulatos
1102 1161 1154 1250 in
1177 1157 1311 1246 altera
1343 1147 1604 1268 cumprimis
1643 1148 1811 1240 Lexici
1844 1177 1984 1271 parte,

289 1335 529 1430 emendare
560 1331 736 1438 studui,
765 1329 890 1419 haud
920 1331 1107 1432 veritus,
1137 1352 1197 1410 ne
1225 1315 1566 1407 offenderentur
1595 1313 1763 1406 eruditi
1796 1317 1982 1416 detectis

488 1499 546 1566 -’-
571 1548 629 1567 --
656 1491 881 1600 maculis,
911 1522 1030 1616 quas
1058 1499 1149 1579 ant
1177 1489 1371 1576 incuria
1388 1481 1565 1600 fudit,

491 1659 595 1750 Aut
619 1653 837 1747 humana
860 1683 1040 1775 parum
1070 1659 1200 1744 cavit
1227 1662 1424 1744 natura.
1452 1699 1510 1717 --

294 1831 425 1952 Quae
459 1842 607 1912 autem
636 1818 692 1908 ad
717 1795 994 1942 generaliora
1026 1822 1077 1908 in
1099 1816 1449 1910 demonstranda
1478 1816 1709 1934 analyseos
1727 1801 2004 1926 difficultate

289 1989 545 2120 pertinent,
578 2015 628 2070 ea
652 1982 838 2103 quidam
861 1983 1072 2073 hocloco
1100 2016 1199 2075 uon
1225 1981 1624 2105 praetermittenda
1646 2015 1740 2074 esse
1759 1989 1986 2088 videntur.

403 2177 708 2297 Alphabetum
739 2180 1049 2266 Tironianum
1077 2207 1223 2297 quum
1257 2172 1522 2262 exhiberem
1558 2174 1768 2291 (5145),
1822 2190 1988 2305 negavi

289 2351 464 2438 literam
488 2347 543 2451 Y,
575 2345 749 2464 quippe
770 2345 908 2434 Latio
930 2345 1160 2466 ignotam,
1189 2339 1241 2428 in
1252 2336 1521 2426 Tironiania
1541 2339 1662 2428 notis
1690 2337 1988 2458 deprehendi.

289 2511 522 2619 Attamen,
541 2513 647 2602 licet
669 2515 721 2600 in
742 2498 997 2618 vocabulis,
1021 2537 1136 2631 quae
1155 2508 1333 2627 origine
1361 2525 1466 2594 sunt
1486 2505 1680 2613 Latina,
1701 2508 1782 2596 vix
1799 2517 1989 2628 reperio.

290 2703 385 2787 tur,
414 2679 637 2798 reperitur
658 2678 710 2763 in
732 2674 1006 2795 peregrinis,
1038 2673 1215 2760 civitate
1238 2669 1427 2759 donatis.
1486 2671 1617 2787 Quae
1637 2667 1823 2786 quidem
1845 2705 1987 2791 quum

291 2843 415 2933 haud
443 2845 533 2930 siut
561 2841 836 2959 frequentia;
862 2839 1030 2923 mirum
1052 2865 1150 2920 non
1180 2855 1267 2939 est,
1298 2867 1395 2940 me,
1423 2837 1618 2952 primam
1649 2855 1862 2928 notarum
1888 2874 1987 2933 ana.
2017 2795 2024 2944 Ἰ

289 3009 409 3130 lysin
431 3004 775 3221 suscipientem,
797 3031 896 3086 non
913 2999 1144 3114 invenisse
1165 2998 1285 3087 hanc
1308 3000 1493 3090 literam.
1538 3004 1633 3093 lam
1658 3033 1766 3092 vero
1790 3036 1848 3094 ex
1869 3014 1991 3100 notis

273 3383 277 3394 1
292 3147 615 3451 ἔνθ)
632 3161 1084 3416 klssloyciae,
1113 3241 1393 3371 Lycaonia,
1426 3239 1594 3373 Tyrii,
1626 3239 1786 3369 Tyrus
1822 3259 1989 3367 capta,

298 3472 630 3599 Zelotypus(
613 3472 801 3591 (..p216
828 3471 923 3590 587.
945 3477 1054 3592 409)
1094 3507 1192 3567 eam
1229 3475 1490 3582 restituens,
1541 3477 1714 3567 facilius
1745 3480 1880 3572 otiam
1916 3484 1991 3572 de-

296 3641 578 3750 monstrabo,
609 3640 701 3758 qu'o
736 3635 877 3726 modo
912 3641 1145 3748 aceteris,
1182 3675 1298 3763 quae
1333 3645 1376 3732 ei
1411 3661 1519 3732 sunt
1551 3639 1773 3750 adnexae,
1820 3644 1993 3739 divulsa

298 3813 391 3922 ejus
424 3810 567 3928 figura
605 3812 644 3918 p
690 3835 747 3892 ex
778 3824 1050 3922 properante
1084 3806 1497 3930 tachygraphorum
1538 3807 1707 3895 calamo
1752 3807 1990 3904 effluxerit.
2099 3871 2101 3880 =

300 3975 515 4095 Capitalis
541 3973 664 4061 enim
682 3973 826 4060 forma
846 3972 901 4074 Y,
933 3968 1105 4061 duabus
1125 3971 1327 4088 partibus
1347 3974 1388 4060 V
1411 3991 1454 4059 et
1472 3972 1495 4057 I
1519 3989 1747 4076 constans
1776 3970 1894 4062 hanc
1911 3977 1992 4087 illi,

299 4142 427 4264 quasi
453 4135 661 4241 caudam,
692 4131 872 4224 aduecti
888 4136 1066 4253 patitur.
1127 4135 1277 4257 Quam
1304 4136 1491 4256 quidem
1517 4140 1709 4228 formam
1738 4171 1830 4260 quo
1862 4147 1993 4236 citius

157 4383 164 4394 ,
297 4337 396 4398 uno
436 4303 593 4391 calami
627 4301 766 4390 ductu
798 4302 1081 4390 absolverent
1111 4299 1430 4422 taehygraphi,
1476 4301 1663 4394 caudam
1699 4307 1820 4396 illam
1850 4339 1874 4396 a
1909 4341 1991 4400 suo

199 4445 203 4456 ⁶
300 4474 405 4562 loco
434 4428 621 4586 paulum
640 4483 928 4568 amoverunt,
950 4461 1109 4552 eodem
1130 4466 1224 4554 fere
1244 4465 1412 4573 modo,
1443 4499 1535 4589 quo
1563 4473 1656 4582 ejus
1686 4471 1837 4560 locum
1858 4495 1996 4562 muta·

301 4654 398 4725 tum
420 4670 516 4728 esse
537 4633 745 4726 videmus
764 4633 815 4722 in
839 4631 1170 4722 Germanorum
1188 4630 1251 4750 D.
1304 4635 1504 4726 Proinde
1525 4669 1640 4758 quae
1660 4640 1712 4726 in
1732 4637 1996 4761 capitalibup

1337 4799 1396 4860 sa
