4776 5964
997 606 1312 723 ...453-

303 835 625 960 Apennimrm.
654 848 698 917 29
870 821 1228 953 Apodyterion.
1256 840 1300 910 29
1450 821 1670 944 Apories!
1700 843 1742 910 29

302 1006 441 1124 Aper.
471 1017 511 1084 29
870 990 1057 1109 Apollo!
1083 1009 1125 1074 26
1451 983 1886 1112 Aposplzragisma.
1906 1006 1950 1082 28

302 1169 473 1288 Aperit.
504 1182 548 1250 26
870 1156 1052 1274 Apollo.
1082 1177 1124 1242 26
1451 1153 1751 1273 Apostolicus.
1782 1174 1801 1242 1

302 1338 451 1454 Apex.
480 1353 521 1417 22
870 1319 1189 1440 Apollodorus.
1214 1333 1260 1402 28
1450 1319 1708 1438 Apostolus.
1738 1335 1780 1401 16

302 1494 611 1619 Aphrodite?
641 1517 670 1589 ι)
698 1511 741 1579 29
871 1489 1193 1608 Apollopanis!
1220 1500 1262 1565 29
1450 1485 1756 1604 Apostrophe.
1788 1501 1827 1570 lt

304 1667 485 1784 Apices.
515 1678 555 1743 21
871 1648 1244 1776 Apollophanes.
1273 1672 1316 1740 29
1452 1650 1701 1769 Apotheca.
1727 1667 1749 1734 9

304 1828 509 1949 Apicula.
535 1846 580 1915 26
871 1820 1195 1940 Apollopisius.
1226 1836 1270 1902 29
1452 1815 1665 1934 Apparet.
1692 1838 1738 1904 26

305 1995 432 2113 Apis.
460 2010 502 2076 26
871 1985 1176 2104 Apollonaris
1206 2002 1248 2066 26
1452 1981 1669 2100 Apparet.
1695 2003 1740 2070 26

306 2159 549 2278 Apiscitur.
579 2173 621 2241 26
872 2145 1240 2274 Apolloniensis.
1270 2171 1314 2238 29
1452 2143 1677 2263 Appellat.
1704 2165 1748 2229 29

262 2425 267 2432 ,
306 2325 604 2513 Apppoepliypplps.
634 2346 676 2415 26
788 2411 790 2414 ,
874 2318 1161 2438 Apollonius.
1188 2337 1232 2403 29
1452 2311 1732 2432 Appendix.
1758 2335 1795 2408 ο)
1825 2331 1868 2402 29

306 2510 512 2630 Apocha.
542 2530 582 2593 22
873 2499 1145 2617 Apolluum!
1173 2517 1215 2582 26
1453 2489 1655 2610 Appetit.
1684 2513 1727 2579 26

306 2675 786 2796 Αρο91991199919)26
873 2659 1254 2786 Apologeticnm.
1285 2683 1330 2750 26
1452 2657 1675 2774 Apponit.
1707 2676 1751 2743 26

306 2840 545 2957 Apocrifa!
576 2822 647 2923 26
873 2821 1137 2953 Apologia.
1169 2845 1210 2911 14
1453 2823 1687 2942 Apportat.
1717 2844 1758 2912 26
1903 2810 1911 2816 ’

306 3005 548 3125 Apodixis.
578 3020 622 3086 26
745 3007 749 3016 ’
868 2989 1338 3121 Apophtlaegnaa?n)
1350 3011 1393 3078 26
1453 2990 1697 3110 Apposuit.
1728 3011 1771 3078 26

414 3256 631 3323 declinationis
651 3280 789 3341 nomen,
812 3260 845 3324 id
870 3271 933 3346 est,
956 3265 1076 3330 exitum
1102 3265 1258 3348 intestini,
1286 3259 1440 3350 intelligi3
1469 3269 1506 3324 ut
1534 3271 1674 3344 taceam,
1702 3262 1837 3330 alterum
1863 3227 2019 3336 vocabuli

409 3389 539 3434 sensum
554 3368 657 3456 priori
675 3379 751 3434 nota
765 3371 831 3455 jam
846 3384 1038 3462 occupatrun
1059 3397 1136 3443 9999.
1172 3375 1252 3440 lllud
1269 3374 1370 3462 igittu
1379 3377 1493 3439 Anthus
1512 3391 1656 3434 errorem
1673 3392 1742 3435 9999
1759 3373 1866 3437 malim
1880 3377 2007 3460 notarii,

411 3501 532 3542 nornen
554 3477 635 3541 male
658 3475 852 3544 declinantis.

351 3622 381 3695 t)
408 3623 540 3699 Apertes,
563 3611 649 3700 quod
668 3611 825 3678 Gruterus
846 3612 958 3694 habet,
982 3615 1020 3678 de
1040 3615 1160 3680 Graeca
1173 3615 1300 3703 (pridem
1321 3635 1400 3682 voce
1422 3609 1533 3696 ἀπορία
1553 3631 1613 3675 nos
1639 3633 1770 3676 monere
1792 3614 1926 3678 videtur.
1970 3617 2007 3680 Si

411 3730 517 3785 autem
541 3717 698 3805 sequentis
722 3729 816 3784 notae
839 3720 1007 3787 lectionem
1029 3734 1160 3811 Erycina
1182 3742 1290 3788 veram
1313 3720 1447 3800 dixeris,
1472 3726 1638 3803 Aphrodite
1659 3716 1830 3806 legendum
1858 3741 1945 3804 9999,
1970 3746 2008 3787 99

412 3829 512 3917 magis
534 3826 688 3916 placebit,
713 3849 777 3916 quo
799 3828 905 3894 minus
927 3830 1004 3896 huic
1025 3829 1237 3896 emendationi
1257 3829 1365 3894 literae
1388 3825 1583 3891 Tironianae
1604 3824 1827 3892 adversantur.
1941 3905 1945 3910 Ι

352 3999 400 4071 m)
421 3990 622 4077 Adjectirum
644 4010 771 4052 nomen
786 3987 825 4052 ab
846 3997 973 4075 Aperta
994 4013 1061 4055 9999
1083 3989 1218 4058 videtur.
1263 3989 1358 4075 Quod
1372 4013 1472 4078 quum
1488 4010 1646 4078 nusquam
1662 3988 1857 4078 reperiatur,
1879 3990 2011 4059 fortasse

411 4115 569 4190 Aperopns
590 4098 763 4188 legendum
786 4107 850 4180 991,
873 4119 937 4184 quo
959 4096 1062 4162 Julius
1083 4097 1240 4188 Firmicus
1263 4102 1320 4176 (ὅ.
1340 4101 1403 4176 11)
1424 4098 1536 4163 utitur.

352 4265 392 4342 ῃ)
413 4259 560 4339 literae,
601 4256 716 4343 quihus
750 4266 826 4321 nota
854 4263 996 4336 constat,
1034 4267 1217 4345 repugnant
1242 4255 1495 4346 interpretationi
1529 4260 1614 4348 apud
1644 4260 1819 4328 Gruterum
1846 4271 1902 4350 (p.
1923 4267 2006 4343 161)
2062 4237 2082 4258 ⁸

413 4363 586 4451 adscriptae
603 4371 788 4449 Apocrtptc:
820 4388 899 4453 quac
918 4364 1017 4452 igitru·
1031 4364 1122 4452 ipsa,
1146 4376 1199 4430 cut
1217 4375 1301 4430 certe
1322 4377 1415 4430 notae
1438 4365 1560 4451 forms,
1591 4381 1638 4436 991
1657 4373 1816 4438 mutanda.
1870 4373 2012 4463 Interpo-

275 4528 278 4534 .
413 4470 508 4533 latam
530 4491 596 4534 esse
618 4471 678 4536 hac
699 4481 774 4534 nota
795 4471 1030 4556 collectionem,
1052 4484 1137 4561 patet
1159 4493 1197 4535 ex
1218 4469 1301 4534 libro
1328 4469 1517 4560 Casselauo‚
1541 4501 1559 4541 9
1580 4501 1644 4566 quo
1671 4480 1803 4544 omnino
1829 4479 1925 4544 919991.

353 4639 390 4716 0)
412 4631 457 4695 119
477 4631 562 4717 legi,
595 4632 717 4694 ratione
739 4634 791 4709 (5.
807 4633 895 4707 207)
926 4631 989 4714 jam
1021 4629 1161 4716 exposita
1189 4645 1364 4718 permotus.
1421 4638 1540 4729 Neque
1579 4641 1665 4706 enim
1694 4645 1837 4730 priscum
1866 4649 2010 4726 Ampedir

417 4737 554 4820 (Festus
580 4761 630 4825 ap.
648 4739 734 4804 Paul.
751 4737 842 4804 Diae.
860 4740 949 4816 251)
971 4759 1010 4802 ex
1031 4747 1124 4802 notae
1146 4737 1244 4806 literis
1267 4740 1401 4810 elicitur.

1494 4877 1551 5028 15
