4754 5940
972 555 1283 708 ...575-

285 813 550 908 Orchestra.
576 829 617 908 4)
638 827 699 894 254
848 838 986 896 54545.
1016 825 1078 891 252
1415 807 1575 926 Origo.
1605 829 1664 892 151

284 979 480 1070 Orcista!
511 995 571 1060 254
849 1003 960 1060 5455.
991 991 1053 1057 252
1416 971 1519 1058 5415.
1549 989 1611 1054 252

283 1142 444 1232 Orcus.
473 1161 533 1224 254
849 1137 1042 1226 Orestes.
1070 1155 1129 1221 454
1416 1134 1586 1224 Oritur.
1613 1154 1674 1218 454

282 1304 551 1395 Ordinante.
582 1319 644 1384 242
707 1389 711 1398 .
850 1303 1069 1391 Orestilla.
1099 1319 1159 1382 254
1416 1300 1545 1392 Orix.
1574 1313 1595 1377 1.
1615 1325 1710 1402 eryx.
1728 1303 1792 1384 '161

283 1467 591 1558 Ordinarium.
621 1480 684 1547 242
849 1461 1046 1579 Orfitus.
1073 1485 1112 1565 4)
1133 1485 1192 1550 254
1416 1465 1759 1554 Ornamentum.
1790 1483 1852 1548 252

283 1630 564 1720 Ordinarius.
592 1645 655 1710 242
852 1632 1103 1751 Organum.
1132 1647 1190 1712 151
1417 1627 1574 1717 Ornat.
1602 1643 1666 1710 242

283 1794 489 1887 Ordinat.
519 1806 581 1871 242
850 1795 1108 1912 Orgetorix.
1143 1817 1203 1880 452
1419 1795 1753 1886 Omatissimus.
1781 1805 1844 1873 252

284 1956 485 2049 04411515.
518 1972 580 2037 242
850 1959 931 2045 541.
959 1975 1021 2039 252
1262 1953 1269 1964 ’
1418 1957 1649 2047 Ornatrix.
1675 1973 1738 2040 252

284 2121 483 2214 Orditur.
513 2137 574 2203 242
851 2121 1017 2210 5411455.
1050 2136 1113 2203 259
1417 2121 1631 2209 Orontes.
1661 2139 1724 2202 254

275 2284 428 2376 Ordo.
456 2304 517 2367 242
852 2279 1163 2378 orichalcum.
1195 2296 1216 2361 2
1418 2283 1677 2401 Orphanus.
1707 2301 1770 2366 252

286 2447 656 2569 0441545522424.
685 2461 747 2528 219
855 2451 1057 2541 Oricum.
1087 2466 1148 2530 251
1254 2551 1258 2559 .
1419 2447 1644 2565 Orpheus.
1665 2465 1727 2531 252

289 2611 419 2703 Ordo
430 2611 830 2700 senatorius.255.251
856 2612 1028 2703 Oridia.
1056 2635 1091 2702 r)
1115 2630 1175 2694 254
1420 2610 1781 2729 Ο4ρ141414151255

287 2805 377 2863 545.
407 2789 470 2854 256
855 2776 1033 2866 Oriens.
1064 2794 1127 2860 242
1423 2776 1577 2866 04555.
1606 2791 1667 2857 254
1779 2813 1780 2817 ¹

289 2935 395 3026 Ore·
425 2957 487 3021 258
854 2939 1110 3032 Orientalis.
1139 2957 1202 3022 242
1422 2929 1907 3028 04414414514412252

331 3158 368 3227 ο)
390 3149 579 3215 Gruteriana
609 3161 702 3216 notae
741 3143 958 3243 interpretatio
1002 3167 1049 3220 est
1075 3167 1292 3241 Horcistipotts,
1327 3157 1475 3243 ignotum
1504 3153 1584 3216 mihi
1619 3152 1747 3240 quidem
1777 3151 1978 3216 vocabulum.

400 3258 634 3344 Opxetsirolot
655 3269 921 3348 (Orchestropotos
944 3264 1027 3326 enirn
1050 3263 1243 3352 typographi
1267 3285 1358 3326 error
1380 3269 1450 3340 554)
1471 3261 1535 3350 legi
1556 3281 1649 3347 posse
1671 3261 1793 3348 putari,
1818 3260 1980 3346 magisque

394 3367 429 3432 in
458 3369 540 3431 14454
573 3369 758 3434 sententiam
788 3372 941 3437 adductus
971 3395 1041 3438 sum
1062 3395 1120 3461 per
1148 3371 1326 3456 cangium,
1358 3371 1414 3458 qui
1442 3367 1812 3454 (4.0441544441441445)
1839 3377 1979 3434 veterem

395 3475 514 3540 librum
535 3487 684 3541 notarum
702 3477 808 3543 laudat
818 3527 829 3561 ,
852 3480 886 3542 15
910 3503 974 3568 quo
998 3489 1209 3566 Orchistepotis
1230 3479 1362 3566 legatur.

312 3589 374 3716 ’,4)
396 3629 490 3715 Apud
512 3627 688 3692 Gruterum
710 3639 880 3716 corrupte,
910 3655 989 3718 qtsae
1014 3641 1196 3697 Praesentem
1224 3635 1420 3714 sequuntur,
1442 3632 1581 3700 Antium,
1604 3629 1731 3698 Otium,
1754 3627 1888 3697 Orctrta,
1910 3623 2006 3708 (251-Ι

397 3747 532 3814 cidoeus,
563 3734 649 3797 haud
680 3733 775 3798 dubie
805 3735 847 3798 ila
875 3735 1069 3799 emendanda
1102 3743 1175 3798 544441
1201 3743 1364 3808 Aulaeum,
1399 3739 1527 3810 Odeum,
1557 3735 1730 3806 Orchestra,
1766 3734 1984 3792 Chalcidicum.

397 3845 506 3908 Litera
527 3843 557 3906 G
577 3863 653 3906 usos
676 3863 743 3906 esse
766 3839 1000 3930 tachygraphos
1021 3865 1082 3931 pro
1106 3850 1167 3922 Ch,
1188 3842 1351 3904 notissima
1372 3861 1421 3903 res
1444 3849 1491 3902 est
1514 3847 1562 3916 (t.
1585 3843 1655 3904 111.
1676 3835 1744 3914 C).

336 3983 373 4060 q)
397 3975 483 4037 idem
503 3995 622 4036 nomen
642 3974 811 4061 proprium
840 3994 907 4036 esse
935 3972 1077 4054 videtur,
1110 3973 1195 4059 quod
1222 3975 1256 4034 in
1284 3971 1394 4060 lapidis
1422 3969 1514 4037 titulo
1545 3971 1663 4050 (Grut.
1687 3971 1758 4040 574.
1781 3975 1825 4046 1)
1854 3969 1979 4058 legitur.

397 4083 474 4146 Vide
496 4081 591 4145 etiam
611 4079 749 4145 Plinium
770 4090 801 4144 44
824 4079 1022 4145 Suetonium.

339 4217 373 4287 r)
402 4221 504 4297 oryza
526 4211 723 4297 intelligitur.
775 4210 819 4274 lta
850 4211 936 4274 enim
954 4209 1071 4277 Franci
1096 4213 1155 4292 5514
1184 4215 1287 4302 prima
1306 4235 1419 4303 regum
1445 4213 1541 4300 stirpe
1564 4211 1645 4276 144444
1665 4232 1778 4276 vocem
1798 4209 1981 4299 pronuntie-

395 4317 472 4379 bant
494 4325 513 4395 (
523 4317 672 4403 Carpant.
690 4318 855 4403 glossar).

334 4451 367 4521 s)
399 4453 586 4511 Ortimtassr‘s
609 4444 765 4509 Gruterus
790 4433 894 4512 habet.
936 4421 1133 4516 Dillicillima
1153 4452 1248 4536 hujus
1271 4461 1363 4514 notae
1386 4453 1531 4516 enodatio
1554 4465 1608 4517 est.
1652 4452 1702 4516 Ab
1724 4453 1753 4516 Ο
1774 4451 1900 4537 incipit,
1924 4447 1976 4513 eui

398 4571 520 4612 annexa
540 4551 665 4616 videtur
684 4562 759 4615 nota
780 4563 862 4618 Busta
884 4577 956 4618 eum
979 4557 1197 4618 terminatione
1220 4567 1268 4618 im.
1321 4555 1372 4617 Ab
1408 4553 1519 4639 Ὀρθός
1546 4569 1577 4620 et
1598 4557 1695 4618 Belum
1718 4557 1884 4620 eontletum
1909 4573 1975 4615 esse

397 4654 518 4740 conjeci
539 4655 602 4719 hoc
620 4657 810 4726 vocabulum
830 4681 929 4744 aeque
951 4683 987 4723 44
1013 4655 1229 4744 Ὀρθοβατέω,
1256 4669 1291 4723 54
1317 4661 1405 4744 qrrasi
1425 4672 1509 4726 reete
1532 4671 1613 4726 544444
1635 4663 1718 4726 144515
1741 4667 1910 4726 0444414554
1930 4655 1974 4723 di·
