4754 5940
984 557 1298 676 ...609-

293 780 500 897 Quatuor
519 768 618 859 viri.
648 781 710 850 000
862 767 1043 891 Quibus
1055 717 1318 860 civitatibui.
1329 789 1390 856 000
1430 776 1646 898 Quicum.
1672 799 1735 866 000

290 969 392 1058 que,
424 950 484 1016 000
705 967 718 992 ·
861 933 1235 1056 Quibuscunque.
1266 951 1328 1016 510
1429 941 1721 1064 Quicunque.
1750 963 1814 1068 010

292 1100 456 1220 Quem.
483 1116 545 1180 000
860 1099 1177 1222 Quibuscunq.
1186 1103 1340 1190 causis.
1350 1122 1414 1216 010
1428 1104 1567 1228 Quid.
1593 1125 1656 1188 000
1712 1150 1716 1158 ·

292 1262 706 1392 Quemadmodum.
735 1281 795 1346 000
860 1263 1176 1386 Quibuscunq.
1191 1266 1337 1356 rebus.
1349 1283 1412 1381 009
1427 1269 1638 1393 Quidam.
1668 1293 1744 1356 000

293 1431 641 1552 Quemcunque.
671 1445 734 1511 000
860 1427 1161 1549 Quibusdam.
1184 1446 1245 1512 000
1427 1435 1670 1559 Quiddam.
1699 1457 1761 1522 000

191 1605 194 1615 ’
291 1598 558 1708 Quemnam.
588 1608 650 1670 000
725 1561 763 1634 .‘
861 1591 1149 1712 Quibusdam
1168 1597 1312 1684 rebus.
1334 1615 1395 1681 000
1427 1599 1642 1724 Quidem.
1673 1621 1733 1690 000

294 1741 582 1882 Quempiam.
612 1772 672 1835 007
860 1755 1042 1875 Quibus
1060 1757 1118 1846 de
1137 1764 1292 1850 causis.
1314 1780 1376 1846 005
1428 1766 1674 1890 Quidnam,
1703 1787 1764 1854 000

293 1927 684 2048 Quemquam.'.302
859 1919 1040 2043 Quibus
1065 1917 1122 2005 de
1140 1923 1286 2008 rebus.
1309 1945 1374 2008 000
1428 1907 1627 2045 Quidue,
1656 1954 1719 2017 010

291 2083 546 2208 Quendam.
572 2099 633 2164 002
858 2079 1411 2204 Quibusfidejussorib.³05
1426 2093 1635 2215 Quidvis.
1665 2118 1731 2179 uo

295 2256 513 2376 Quercus.
543 2227 625 2329 510'
861 2248 1162 2375 Quibuslibet.
1191 2267 1254 2331 000
1402 2252 1582 2378 Quies,
1612 2275 1672 2338 000

294 2416 503 2541 Querela.
530 2431 592 2498 006
863 2415 1044 2538 Quibus
1064 2413 1230 2506 litibus.
1257 2439 1295 2510 n)
1316 2439 1377 2504 000
1425 2421 1638 2535 Quiescib
1667 2439 1729 2506 000

294 2580 632 2703 Querimoniae.
660 2590 721 2657 000
862 2581 1161 2702 Quibusnam.
1192 2599 1253 2664 000
1427 2587 1569 2709 Quin.
1596 2603 1656 2668 007

276 2742 522 2864 ‚Queritun
552 2758 614 2820 000
861 2742 1150 2863 Quibusnam
1166 2745 1311 2834 rebus.
1332 2767 1394 2832 000
1426 2753 1639 2874 Quinam.
1669 2769 1730 2834 000

293 2893 533 3029 Querulus.
564 2917 625 2984 306
861 2908 1176 3032 Quibuspiam.
1203 2931 1266 2994 uo
1425 2915 1554 3037 Quin
1584 2935 1743 3007 autem.
1772 2935 1832 3002 007

290 3073 381 3192 qui.
410 3085 473 3149 502
862 3075 1166 3198 Quibuspiam
1178 3078 1321 3170 rebus.
1332 3099 1394 3166 000
1426 3075 1718 3204 Quindecim.
1749 3103 1810 3171 005

293 3237 400 3356 Qui.
434 3251 494 3316 000
862 3242 1042 3363 Quibus
1060 3243 1206 3334 rebus.
1236 3265 1297 3332 000
1427 3245 1750 3370 Quindecimo.
1780 3275 1841 3339 000
1947 3287 1949 3295 ’

294 3401 428 3520 Quia.
454 3415 516 3481 000
568 3385 573 3394 ’
862 3405 1393 3528 Quib.reb.civitatis.308
1425 3407 1702 3526 Quindecim
1720 3414 1904 3501 viriaco

295 3564 485 3690 Quibus.
515 3575 578 3642 509
860 3571 1129 3692 Quicquam.
1161 3595 1222 3660 005
1430 3569 1712 3696 Quindecim
1726 3578 1842 3676 v‘oiri
1874 3615 1945 3672 sa.

294 3732 474 3856 Quibus
496 3728 648 3817 causis.
680 3747 741 3814 000
858 3736 1106 3859 Quicquid.
1136 3759 1198 3824 000
1463 3731 1829 3850 crisfaciundc'c.
1845 3767 1882 3838 ο)
1903 3765 1966 3834 ato

335 3930 382 4002 m)
403 3920 586 4010 Composita
607 3919 685 3986 haec
706 3927 781 3983 nola
808 3883 858 3984 eti
886 3942 925 3985 ex
952 3922 1073 3987 duabus
1101 3925 1294 4016 simplicibus
1316 3938 1457 4014 Quotuor
1478 3941 1509 3994 et
1530 3941 1697 4018 Evangelio.
1750 3936 1846 4006 Certo
1875 3953 1979 4032 pariet

363 4082 367 4090 .
398 4038 492 4090 notae
513 4025 619 4112 plures
643 4036 732 4108 sunt,
755 4049 850 4116 quam
870 4040 907 4094 ut
927 4030 1062 4119 simplici
1082 4033 1274 4100 Gruteriauo
1296 4047 1438 4123 Quetuor
1460 4037 1608 4125 explicari
1628 4044 1761 4130 possint.

334 4167 373 4237 n)
395 4159 497 4223 Liber
519 4157 606 4224 Casa.
624 4133 721 4226 habet
741 4169 856 4248 Quibus
877 4171 1000 4250 tegitur:
1030 4187 1109 4252 quae
1137 4175 1242 4228 tamen
1269 4164 1484 4254 interpretatio
1511 4170 1616 4234 miuus
1641 4171 1761 4259 placet,
1791 4199 1890 4265 quum
1917 4190 1977 4244 ter.

395 4265 527 4327 minutio
548 4275 657 4328 notam
678 4289 745 4329 non
766 4277 911 4352 persecet
931 4277 981 4346 (0.
998 4271 1103 4351 004),
1130 4270 1186 4336 sed
1207 4293 1303 4356 super
1321 4271 1467 4358 imposita
1488 4277 1536 4340 sit.

334 4399 371 4471 ο)
392 4391 487 4456 Haud
508 4397 593 4458 enim
615 4395 682 4458 neti
710 4408 802 4476 sunt,
833 4421 913 4486 quos
935 4399 1090 4464 Gruterus
1118 4399 1231 4480 habet,
1267 4411 1443 4488 Quindecim
1464 4421 1520 4476 viri
1540 4419 1751 4496 satisfaciendi.
1803 4415 1975 4504 singulari·

396 4508 501 4562 autern
527 4497 631 4565 forma
658 4507 704 4565 eat
731 4501 839 4564 literae
862 4503 909 4590 Q,
937 4505 972 4566 in
1000 4507 1157 4591 superiori
1185 4521 1274 4594 parto
1303 4513 1411 4582 literae
1440 4520 1461 4583 S
1491 4521 1661 4589 involutae.
1706 4523 1975 4592 ruminationem

300 4639 302 4646 ι
398 4602 489 4672 noue
511 4603 551 4672 td
570 4606 746 4678 secundum
764 4607 900 4678 verbum
921 4622 1060 4697 npeotue
1081 4613 1240 4703 arbitror,
1262 4630 1299 4686 ut
1311 4621 1472 4708 sectantis
1491 4625 1598 4715 legere
1618 4627 1716 4697 liceat.

1326 4785 1379 4869 77
