4754 5940
1082 526 1397 644 -570-

396 745 608 840 Obsedat.
620 743 948 834 montaniocel
963 739 1168 832 Obsidet.
1198 760 1259 824 258
1533 743 1809 836 Obstiuatus.
1840 745 1902 831 115

285 999 288 1006 .
396 914 640 1032 Obsequio.
670 929 732 993 552
964 903 1221 994 Obsidium.
1246 924 1306 987 257
1532 909 1778 1027 obstrepit,
1808 930 1870 998 555

340 1059 347 1072 ’
397 1078 646 1196 Obsequio.
674 1093 735 1159 552
970 1063 1254 1172 obsoletum.
1286 1089 1348 1154 255
1534 1075 1751 1162 Obstruit.
1781 1094 1844 1158 255

399 1244 689 1360 Obsequitur.
717 1257 778 1322 552
965 1230 1264 1324 Obsoliduml
1294 1253 1356 1318 258
1533 1241 1864 1356 Obstupefecit.
1894 1259 1956 1325 555

397 1409 598 1500 Obserat.
628 1423 686 1487 255
966 1397 1238 1488 Obsonium.
1269 1419 1330 1483 255
1515 1371 1925 1521 'obstupefactum
1955 1431 2016 1496 555

399 1572 605 1664 Obseris!
637 1588 697 1653 555
967 1563 1261 1678 Obsopescit!
1292 1579 1352 1642 555
1534 1568 1864 1684 obstupefecit,
1894 1587 1954 1651 555

401 1738 686 1829 0155515555
968 1728 1269 1841 0155515555
1535 1731 1797 1849 Obstupuit.
1830 1755 1890 1817 555
1925 1849 1927 1856 Ι

402 1904 634 1992 observat.
665 1914 727 1981 551
975 1884 1329 2010 obsonatum
1464 1935 1466 1942 <
1536 1897 1793 1986 obtectum,
1826 1917 1889 1982 555

402 2067 561 2154 01555.
588 2082 649 2146 555
971 2057 1144 2148 Obstat.
1171 2089 1233 2154 555
1383 2063 1388 2071 ’
1537 2059 1738 2181 Obtegit.
1767 2081 1830 2148 555

403 2230 634 2318 obsessus.
664 2243 726 2310 255
973 2222 1217 2312 Obstetrix.
1248 2237 1309 2304 551
1537 2212 1808 2313 obtestetur,
1834 2245 1897 2310 249

437 2375 473 2444 b)
496 2367 541 2429 115
561 2363 646 2450 apud
666 2362 842 2426 Gruterum
863 2359 998 2446 legitur,
1021 2368 1054 2420 et
1072 2356 1214 2442 sequitur
1227 2362 1388 2420 0155515155
1414 2373 1581 2440 campester.
1626 2358 1718 2424 Haud
1740 2363 1835 2426 dubie
1861 2365 1957 2428 iidem
1978 2370 2091 2455 populi

503 2481 595 2551 sunt,
619 2470 673 2557 qui
695 2468 797 2531 Plinio
820 2468 877 2544 (lt.
899 2468 964 2542 19)
988 2473 1162 2550 Osquirlates
1191 2479 1358 2546 campestres
1389 2473 1419 2526 et
1448 2477 1581 2531 montani
1602 2467 1769 2549 (licuntur,
1799 2469 1855 2532 uhi
1885 2477 1990 2533 temen
2018 2472 2092 2535 libri

502 2576 637 2662 scripti,
662 2573 866 2637 Colbertinus
889 2582 922 2636 et
940 2572 1047 2658 regius
1071 2579 1221 2638 Oscidates
1243 2569 1369 2634 hubent.
1419 2573 1504 2658 Ques
1527 2595 1603 2638 vero
1625 2576 1659 2636 in
1681 2573 1781 2638 051115
1803 2574 1950 2660 regiones
1973 2575 2091 2642 habite-

509 2683 592 2762 rint‚
628 2680 767 2744 diversae
802 2688 875 2742 sunt
903 2677 1048 2752 urorum
1079 2677 1245 2741 doctorum
1285 2679 1503 2764 conjecturae,
1540 2702 1579 2744 ex
1607 2680 1721 2767 quibus
1753 2680 1933 2768 praevalere
1968 2682 2093 2748 videtur

501 2785 675 2853 D'Anvillii
708 2797 727 2865 (
734 2785 831 2849 Ν5111.
851 2783 930 2849 Gall.
950 2789 1037 2860 510)
1075 2783 1194 2871 opinio.
1257 2783 1307 2845 Ad
1333 2781 1542 2847 'l'ironianum
1584 2785 1679 2870 hujus
1717 2785 1855 2848 nominis
1887 2787 2091 2873 scriptionem

506 2897 593 2982 quod
614 2895 740 2982 attinet,
763 2891 921 2979 posterior
944 2890 1108 2977 utriusque
1129 2899 1222 2952 notae
1245 2915 1317 2980 pars
1350 2908 1488 2960 Montani
1517 2907 1547 2959 51
1575 2905 1743 2981 campester
1774 2895 1908 2960 dilucido
1940 2908 1970 2961 51
1995 2899 2094 2961 55551-

506 3002 586 3067 lesta
615 3013 670 3066 551.
727 3002 820 3064 Prior
839 3023 936 3080 vero,
968 3023 1067 3084 quum
1091 2999 1120 3062 0
1142 2999 1244 3060 solum
1267 3001 1442 3082 contineat,
1475 3013 1640 3089 utramque
1661 3003 1846 3083 lectionem,
1881 3013 1911 3066 51
1933 3003 2092 3067 Gruteria-

504 3131 579 3170 narn
607 3117 639 3170 51
660 3105 834 3170 Ρ115155555
864 3107 995 3193 perinde
1024 3106 1186 3168 admittere
1216 3105 1348 3168 videtur.
1392 3106 1625 3170 Oltscuritntem
1655 3119 1749 3193 auget
1758 3155 1768 3187 ,
1799 3107 1886 3195 quod
1918 3107 1980 3170 nisi
2009 3107 2093 3193 sputi

507 3213 663 3294 Plinium,
697 3223 728 3276 et
756 3213 790 3274 in
811 3223 961 3274 notarum
983 3211 1198 3290 Collectione,
1228 3210 1314 3273 nulle
1335 3211 1368 3273 in
1390 3213 1456 3274 51115
1480 3214 1601 3300 scriptis
1625 3213 1720 3297 hujus
1744 3214 1881 3276 nominis
1904 3213 1940 3278 lit
1960 3215 2092 3278 mentio.

505 3324 671 3391 Subtiliori
693 3334 797 3386 tamen
817 3332 966 3385 notarum
988 3321 1169 3408 cognitione
1190 3314 1348 3403 praeditus
1370 3316 1506 3401 primam
1534 3320 1671 3382 nominis
1696 3321 1847 3407 syllabam
1874 3322 1925 3386 vel
1951 3331 2013 3402 01,
2042 3321 2093 3388 551

508 3445 553 3520 Op
578 3429 762 3519 explicabit,
796 3426 1050 3516 quandoquidem
1071 3423 1195 3487 nullum
1217 3447 1234 3484 5
1257 3420 1373 3506 syllaba
1396 3431 1436 3488 Os
1458 3423 1610 3512 incipiens
1632 3425 1822 3490 vocabulum
1852 3427 1886 3490 in
1908 3427 2092 3492 Tironienis

418 3569 421 3576 ’
504 3545 586 3608 notis
605 3564 680 3606 eum
697 3537 757 3603 hec
774 3537 881 3601 literae
897 3533 926 3598 O
944 3530 1048 3596 sonno
1064 3541 1110 3594 est
1123 3531 1350 3619 compositum,
1373 3551 1463 3616 quoe,
1487 3531 1514 3592 51
1533 3531 1598 3594 5515
1614 3535 1818 3620 conspicitur,
1841 3537 1890 3602 551
1912 3547 1965 3618 Ob,
1981 3537 2031 3602 551
2047 3547 2092 3620 Op

460 3624 466 3636 Ι
507 3647 680 3734 significat,
710 3657 802 3734 etque
825 3644 916 3706 etiam
937 3641 971 3702 in
993 3640 1174 3726 compositis
1196 3647 1299 3719 01555,
1325 3649 1491 3719 Obsidione,
1513 3651 1611 3725 Opus,
1630 3652 1776 3728 Oppidum
1796 3655 1854 3709 cet.
1886 3647 1957 3709 satis
1983 3646 2094 3709 elucet.

510 3751 617 3836 Quare
640 3775 678 3815 eo
700 3750 766 3815 sere
788 3772 858 3814 sum
881 3747 1050 3827 adductus,
1079 3757 1115 3810 ut
1137 3757 1287 3832 Oppidani
1314 3769 1481 3834 campestres
1510 3762 1541 3813 et
1564 3764 1695 3817 montani
1717 3739 1875 3839 legerem,
1906 3753 2093 3838 praesertim
2143 3733 2152 3746 ³

508 3879 608 3943 quum
630 3859 807 3922 terminatio
830 3855 945 3920 harum
966 3866 1114 3919 netarum
1135 3856 1271 3919 eundem
1294 3855 1399 3920 locum
1424 3867 1574 3942 occupet,
1602 3881 1699 3944 quem
1720 3859 1752 3922 in
1774 3869 1849 3920 nota
1871 3868 2033 3941 Oppidum,
2063 3870 2094 3921 51

512 3960 608 4024 altere
636 3985 743 4025 eorum
765 3983 836 4049 pars
860 3961 1037 4024 Tironiano
1061 3985 1151 4024 moro
1181 3966 1335 4041 (1186)
1369 3963 1513 4026 succedet
1539 3964 1571 4026 in
1602 3963 1708 4028 locum
1735 3945 1842 4026 literne
1871 3964 1904 4026 P.
1962 3963 2094 4028 Certum

511 4079 616 4130 tamen
638 4069 770 4158 quidde
795 4068 895 4153 primo
917 4077 1008 4129 notae
1030 4079 1117 4152 parte
1142 4069 1332 4131 constituere
1354 4093 1419 4132 non
1440 4071 1561 4152 eusim3
1587 4081 1617 4131 51
1638 4071 1664 4133 si
1685 4070 1773 4156 quis,
1796 4093 1836 4131 ne
1859 4095 1877 4133 5
1899 4070 1992 4132 Ρ11511
2013 4083 2102 4136 Otii-

510 4185 590 4240 dates
606 4173 730 4262 longius
753 4175 886 4254 15555151,
911 4183 1059 4240 Oscidates
1081 4173 1187 4260 legere
1208 4175 1363 4256 maluerit,
1387 4177 1497 4240 eodem
1521 4175 1644 4239 redibit.
1683 4175 1826 4264 Namque
1849 4177 1905 4266 qui
1928 4177 1967 4241 ab
1991 4178 2094 4242 omni·

509 4281 569 4345 bus
597 4279 689 4343 bonis
717 4281 898 4346 auctoribus
928 4291 997 4348 Osci
1022 4278 1237 4368 appellantur,
1267 4282 1408 4346 similiter
1431 4292 1519 4369 Opsci
1546 4281 1622 4344 olim
1644 4282 1718 4348 dicti
1748 4295 1831 4348 sunt.
1889 4284 1924 4348 ld
1953 4307 2029 4349 vero
2060 4285 2095 4347 in

514 4389 708 4454 Collectione
730 4401 907 4454 memoratu
928 4390 1059 4478 dignum
1081 4389 1220 4470 videtur,
1242 4412 1360 4454 nomen
1380 4399 1544 4475 campester
1566 4389 1789 4478 singulariter,
1813 4403 1843 4456 et
1866 4404 2005 4458 Montani
2027 4392 2095 4480 plu·

512 4497 619 4562 roliter
641 4505 782 4559 notatum
807 4517 895 4577 esse,
917 4519 981 4582 quo
1006 4517 1043 4558 ex
1065 4493 1242 4560 discrimine
1264 4497 1344 4559 mihi
1367 4499 1493 4586 quidem
1515 4497 1684 4568 verisimile
1706 4499 1759 4580 111,
1783 4521 1820 4561 ex
1841 4497 1924 4564 libro
1946 4497 2094 4591 quodum,

512 4607 605 4673 nobis
630 4607 713 4672 haud
738 4606 885 4694 cognito,
908 4605 985 4668 bueo
1007 4603 1136 4667 nomina
1158 4617 1304 4695 excerpta
1328 4627 1405 4669 esse.
