4752 5954
985 745 1042 770 ⁸⁸·
1098 727 1186 787 8111
1244 748 1302 776 m-

286 915 507 1015 audiendi'
535 935 666 1021 sunt,
711 916 791 1034 qui
824 913 1119 1035 supersedere
1152 917 1347 1042 cupiunt
1380 915 1519 1046 opera
1554 916 1688 1020 hasce
1717 930 1864 1022 literas
1895 931 1980 1024 dis·

280 1093 443 1195 cendi,
488 1085 611 1175 haud
651 1083 1007 1196 dissimulantes,
1057 1091 1416 1181 commodiorem
1452 1123 1499 1182 se
1533 1095 1701 1184 Lexici
1730 1100 1979 1190 Tironiani

280 1286 413 1344 usum
437 1271 727 1371 exspectasse.
785 1253 903 1373 Quis
932 1256 1078 1360 enim,
1108 1283 1300 1373 quaeso,
1326 1273 1378 1344 ut
1396 1253 1487 1345 hoc
1514 1277 1613 1344 utar
1636 1263 1873 1380 exempm,
1902 1268 1984 1386 qui

276 1422 330 1508 ab
360 1421 601 1526 Hebraeis,
634 1421 689 1508 ab
713 1419 957 1524 Arabibus,
987 1419 1238 1524 aGraecis,
1267 1437 1348 1507 cet.
1387 1420 1551 1538 scripta
1580 1422 1832 1545 intelligere
1857 1428 1977 1518 labo-

273 1603 360 1688 rat,
384 1585 572 1674 Lexicis
596 1587 665 1672 uti
690 1587 878 1702 poterit,
907 1587 997 1674 nisi
1021 1586 1276 1691 literarum,
1299 1585 1465 1705 quibus
1485 1586 1648 1704 scripta
1672 1607 1801 1694 sunt,
1820 1599 1976 1715 cogni.

280 1753 458 1856 tionem
481 1750 620 1886 fuerit
646 1741 871 1871 adeptus?

392 1915 551 2036 Quum
576 1936 726 2005 autem
762 1918 916 2006 literae
945 1921 1228 2008 Tironianae
1253 1915 1327 2004 vel
1362 1907 1593 2002 evidentes
1634 1934 1678 2002 et
1694 1921 1976 2056 ‘perspicuae

274 2083 389 2186 sint,
418 2083 492 2171 vel
525 2083 740 2172 obscurae
777 2104 821 2172 et
853 2087 1092 2207 ambiguae
1124 2087 1187 2204 (ᾗ.
1210 2082 1341 2195 258);
1370 2083 1422 2168 in
1456 2111 1615 2169 eorum
1644 2087 1854 2204 gratiam,
1894 2096 1978 2211 qui

278 2251 369 2340 hoc
399 2251 628 2342 scribendi
644 2286 813 2375 genere
838 2287 937 2346 non
962 2259 1065 2344 satis
1091 2271 1196 2344 sunt
1222 2249 1407 2352 imbuti,
1433 2275 1585 2365 neque
1612 2275 1700 2335 usu
1734 2253 1976 2362 exercitati,

271 2449 350 2520 ,eas
385 2415 565 2511 tantum
592 2423 739 2510 literas
764 2424 816 2509 in
846 2421 1116 2544 assignando
1149 2448 1232 2506 suo
1270 2415 1438 2536 cuique
1470 2432 1605 2500 notae
1638 2414 1742 2503 loco
1780 2412 2004 2538 respexi,¹
2080 2478 2086 2496 .

278 2615 387 2704 quas
418 2589 559 2709 magis
594 2594 690 2678 e'sse
712 2591 973 2710 perspicuas
1003 2589 1236 2677 arbitratus
1267 2556 1404 2687 sum,
1421 2582 1701 2670 obscuriores
1726 2580 1977 2706 dubiasque

282 2753 414 2838 uncis
453 2749 630 2838 includi
670 2783 843 2841 curans.
913 2754 1140 2869 Exemplo
1179 2753 1236 2836 sit
1274 2765 1462 2863 utraque
1502 2763 1632 2847 nota,
1672 2765 1716 2832 et
1756 2779 1844 2865 qua

283 2911 479 2999 Comtus
515 2916 532 3024 (
539 2943 585 3028 p.
614 2913 716 3027 74),
761 2931 924 3032 etqua
956 2879 1064 3058 fi(
1106 2907 1238 2999 Colit
1271 2906 1381 3024 (75)
1420 2907 1722 3026 significatur,
1780 2943 1974 3028 quarum

241 3093 243 3098 ’
278 3078 468 3192 analysis
491 3075 667 3161 ratione
691 3074 921 3162 literarum
943 3076 1031 3164 CO
1055 3073 1225 3162 nullam
1248 3073 1437 3193 quidem
1455 3069 1592 3157 habet
1619 3069 1973 3194 dubitationem3
2021 3103 2025 3109 ’

280 3248 332 3333 in
351 3246 472 3332 linea
495 3272 632 3347 vero,
663 3271 778 3360 quae
803 3242 856 3328 ab
879 3239 926 3330 Ο
951 3239 1143 3330 demissa
1165 3241 1385 3360 sequitur,
1416 3238 1547 3326 multi
1568 3235 1871 3350 haesitabunt,
1897 3277 1975 3336 ne-

278 3443 367 3537 que
389 3411 575 3523 injuria:
602 3409 654 3496 in
676 3409 820 3526 priori
840 3409 963 3496 enim
986 3427 1095 3496 nota
1117 3377 1235 3496 hanc
1257 3409 1424 3496 lineam
1445 3405 1698 3527 significare
1721 3407 1796 3512 M,
1827 3412 1877 3498 in
1893 3443 1975 3532 po.

279 3580 456 3672 steriori
489 3559 965 3696 eandem'signilicare
986 3577 1056 3681 L,
1091 3575 1281 3663 nonnisi
1302 3571 1369 3661 'ex
1401 3573 1558 3661 ceteris
1586 3575 1797 3663 vocabuli
1819 3578 1971 3692 literis,

281 3777 389 3869 quas
425 3765 535 3834 nota
568 3742 732 3848 habet,
763 3731 941 3865 cogitur
969 3745 1034 3862 (p.
1059 3741 1180 3852 258).
1255 3740 1457 3846 Eodem,
1488 3772 1581 3862 quo
1613 3738 1734 3849 dixi,
1764 3746 1973 3842 instituto

278 3946 405 4022 usus,
436 3913 493 4003 ad
527 3909 816 4035 explicandas
847 3931 1058 4013 notarum
1081 3909 1418 3999 terminationes
1451 3905 1640 4040 adhibui
1667 3909 1852 4028 quidem
1881 3915 1974 4006 lite.

278 4111 346 4170 ras
373 4081 600 4193 minores3
626 4077 706 4166 has
734 4097 903 4184 autem,
933 4080 1150 4198 quoniam
1176 4079 1515 4165 terminationes
1542 4095 1647 4164 sunt
1668 4077 1973 4178 inconstantes

278 4260 323 4331 et
339 4239 587 4345 mutabiles,
611 4241 663 4328 in
690 4236 942 4330 ordinanda
961 4261 1167 4333 notarum
1189 4247 1302 4334 serie
1322 4246 1511 4335 minime
1523 4246 1713 4362 respexi.
1745 4246 1898 4366 Quare
1917 4253 1974 4342 ad

201 4471 204 4478 .
273 4411 461 4519 majores
481 4428 656 4498 tantum
672 4409 820 4496 literas
840 4410 996 4498 oculos
1018 4429 1204 4516 vertant,
1225 4413 1306 4531 qui
1329 4441 1387 4500 ex
1409 4412 1637 4502 literarum
1662 4409 1824 4502 ordine
1843 4439 1972 4510 notas

281 4576 624 4668 inhocLexico
640 4607 853 4700 quaerere
865 4578 1113 4667 instituent.
1134 4578 1344 4696 Repertis
1356 4609 1465 4667 vero
1480 4582 1615 4685 notis,
1631 4583 1829 4672 minores
1843 4587 1975 4674 etiam

281 4742 442 4848 literas,
454 4747 715 4862 praesertim
734 4777 820 4855 eas,
834 4775 949 4868 quae
969 4747 1100 4838 uncis
1119 4767 1224 4840 suut
1237 4745 1449 4854 inclusae,
1468 4743 1709 4870 diligenter
1722 4753 1975 4868 circumspi-
2094 4829 2098 4838 .
