4752 5954
779 655 790 666 ,
963 619 1258 678 *vn-

262 845 367 922 nos,
407 841 558 932 neque
592 826 714 932 grata
755 823 1026 924 acceptaque
1066 803 1148 890 ulli
1193 797 1341 886 adhuc
1379 799 1489 902 luit,
1538 789 1693 918 ¹neque
1738 833 1953 920 umquam

211 1083 218 1094 ,
263 985 440 1082 fuisset,
481 977 569 1064 nisi
603 1003 688 1091 pro
719 972 977 1061 facultatum
998 996 1211 1056 mearum
1244 965 1463 1052 tenuitate
1494 965 1538 1050 ei
1567 962 1741 1070 dotem,
1784 969 1822 1055 si
1856 997 1953 1054 non

263 1147 472 1264 dignam,
511 1159 554 1226 at
585 1139 802 1258 aliquam,
832 1130 1066 1222 dedissem.
1141 1130 1248 1241 Ejus
1276 1130 1423 1233 enim,
1460 1129 1588 1248 qnod
1620 1135 1827 1250 profero,
1865 1137 1955 1225 Le·
1996 1110 1998 1118 Ι

262 1310 355 1398 ttici
375 1303 619 1394 Tironiani
655 1329 933 1419 possessores
966 1295 1201 1382 habebunt
1226 1295 1269 1381 ei
1300 1295 1511 1382 insertam
1547 1297 1681 1386 etiam
1710 1298 1830 1386 illam
1854 1301 1955 1388 Col-

260 1476 524 1576 lectionem,
561 1467 641 1559 sed
671 1467 813 1555 multo
843 1463 1022 1551 meliori
1053 1461 1197 1546 forma
1226 1454 1442 1547 dotatam:
1473 1460 1645 1576 quippe
1677 1460 1832 1577 inqua
1854 1495 1951 1550 non

261 1639 409 1730 solum
437 1655 646 1724 notarum
683 1635 846 1754 figuras
885 1661 943 1717 ex
975 1627 1223 1726 literarum,
1264 1622 1430 1740 quibus
1459 1641 1685 1727 constant,
1731 1627 1844 1712 serie
1872 1624 1955 1716 dis.

261 1801 422 1918 posui3
464 1796 542 1885 sed
578 1795 629 1882 in
658 1791 890 1909 adscriptis
923 1789 1056 1874 etiam
1088 1785 1532 1903 interpretationibus
1566 1815 1736 1875 errores
1764 1819 1789 1874 a
1814 1779 1985 1910 negliss

262 1963 417 2082 gentis
448 1981 492 2050 et
521 1958 777 2082 ignorantia
807 1975 906 2042 tum
938 1950 1243 2052 librariorum,
1290 1967 1386 2038 tum
1421 1949 1626 2066 ipsorum
1657 1947 1951 2039 Collectionis

261 2139 515 2224 auctorum,
563 2122 813 2238 profectos,
862 2113 1013 2236 quoad
1036 2115 1134 2200 fieri
1154 2113 1324 2229 potuit,
1379 2113 1577 2216 correxi,
1615 2111 1737 2200 haud
1764 2073 1951 2230 quidem

261 2304 491 2402 expuncta
518 2283 736 2372 mendosa
762 2284 982 2386 lectione,
1012 2277 1091 2370 sed
1109 2280 1343 2390 subjuncta
1365 2277 1679 2394 tantummodo
1695 2281 1863 2366 veriori
1883 2283 1949 2366 in-

263 2451 592 2566 terpretatione.
648 2449 815 2567 Neque
843 2447 967 2535 enim
991 2474 1077 2566 ego
1095 2447 1133 2534 is
1153 2477 1277 2551 sum,
1307 2449 1387 2568 qui
1410 2447 1561 2536 critica
1579 2443 1762 2533 audacia
1782 2477 1948 2532 novam

262 2613 404 2700 veteri
436 2613 680 2700 lectionem
708 2612 995 2716 substituere,
1021 2641 1259 2730 meamque
1292 2613 1561 2728 opinionem
1590 2609 1684 2696 eliis
1707 2605 1945 2693 obtrudere

261 2778 420 2877 velim,
450 2775 530 2862 sed
552 2778 765 2900 liberum,
795 2797 847 2862 ut
862 2778 1021 2880 decet,
1070 2807 1202 2865 snum
1228 2779 1393 2890 cuique
1413 2773 1633 2882 judicium
1665 2737 1890 2887 relinquo.
1916 2751 1921 2760 ’

375 2936 705 3020 Difficillimam
734 2967 829 3026 esse
851 2960 1060 3028 notarum
1080 2941 1304 3054 analysin,
1324 2935 1539 3058 equidem
1570 2952 1852 3050 compertum
1874 2933 1948 3019 ha-

120 3129 124 3136 ’
262 3099 373 3200 beo,
398 3124 549 3214 neque
574 3092 733 3182 dubito
756 3095 854 3184 fore
879 3098 1140 3217 plerosque,
1171 3103 1327 3221 quiin
1346 3131 1447 3189 mea
1465 3101 1709 3220 figurarum
1731 3097 1945 3214 interpre-

263 3263 433 3351 tatione
468 3256 662 3388 subinde
691 3255 924 3364 haereant,
972 3289 1159 3382 eemque
1197 3265 1277 3352 vix
1309 3263 1583 3383 intelligant,
1632 3262 1723 3349 nisi
1755 3259 1948 3351 diversas

262 3427 490 3518 literarum
514 3423 677 3510 formas
700 3420 844 3538 probe
866 3419 1131 3529 didicerint,
1150 3446 1283 3545 atque
1306 3427 1357 3516 in
1381 3425 1587 3514 derivatis
1610 3423 1870 3542 primitivas,
1898 3427 1950 3511 in

263 3590 527 3708 compositis
562 3605 729 3705 partes,
770 3587 934 3704 quibus
969 3608 1195 3693 constant,
1233 3591 1522 3708 respexerint.
1595 3593 1761 3690 Erunt,
1800 3607 1850 3673 ut
1878 3587 1949 3676 his

217 3727 220 3738 ⁵
264 3771 362 3842 utar
386 3750 624 3868 exemplis,
654 3752 734 3869 qui
760 3752 1004 3858 mirentur,
1043 3785 1116 3842 me
1142 3757 1193 3842 in
1224 3755 1433 3846 eruendis
1449 3724 1787 3844 ¹characteribus
1813 3773 1948 3842 notae

266 3877 366 4071 25(
393 3945 481 4034 qna
498 3913 774 4004 Consternit
797 3920 858 4034 (p.
882 3917 952 4034 75)
974 3919 1269 4039 significatur,
1295 3921 1441 4009 literas
1461 3918 1781 4022 invenircCN,
1806 3947 1947 4034 quum

265 4082 490 4196 posterior
533 4083 676 4203 ligura
704 4081 902 4197 speciem
941 4085 1095 4200 potius
1125 4082 1285 4172 habeat
1314 4091 1369 4168 ni
1400 4085 1445 4172 S.
1526 4081 1618 4171 Sed
1649 4081 1845 4169 derivata
1872 4081 1948 4168 illa

265 4263 375 4332 nota
408 4265 661 4364 comparata
686 4275 790 4334 cum
821 4246 1050 4366 primitiva
1080 4202 1223 4392 53!-
1250 4247 1436 4338 Sternit
1457 4251 1525 4364 (p.
1548 4245 1678 4354 551),
1715 4243 1951 4346 videbunt,

266 4404 386 4498 hanc
405 4440 691 4530 nequaquam
712 4407 943 4518 admittere
971 4413 1408 4530 interpretationem,
1438 4440 1527 4530 qua
1553 4407 1645 4496 duo
1674 4409 1728 4512 S,
1759 4405 1950 4526 quaein

267 4575 407 4663 verbo
431 4572 618 4668 Sternit
648 4605 710 4664 ne
741 4576 927 4692 cogitari
959 4572 1143 4692 quidem
1172 4595 1361 4696 possunt
1386 4577 1451 4694 (S.
1474 4601 1565 4667 122.
1591 4573 1716 4691 172),
1756 4571 1808 4657 in
1840 4584 1949 4655 nota
