4752 5954
378 815 599 908 erraverit.
657 813 788 934 Quin
813 811 965 916 etiam,
992 833 1253 931 opportune
1279 818 1472 910 oblatam
1492 819 1555 908 in'
1570 820 1656 910 hac
1676 821 1845 914 Lexici
1861 847 1985 946 parte
2007 863 2080 921 oc-

382 985 611 1072 casionem
644 979 898 1097 amplexus,
939 973 1160 1095 quaedam
1194 981 1413 1072 vocabula
1444 983 1628 1074 uberius
1660 986 1903 1104 explicavi,
1930 975 2081 1082 leetio·

382 1180 588 1270 numque
618 1143 954 1236 emendaturum
979 1173 1129 1249 causas
1154 1147 1293 1236 attuli.

528 1313 661 1432 Quae
694 1308 833 1432 igitur
871 1339 955 1428 per
1001 1339 1147 1400 annos·
1190 1341 1338 1431 prope
1368 1331 1628 1436 nongentos
1672 1307 2083 1442 (§53.451seq.)

383 1486 542 1604 ignota
566 1499 656 1568 erat
679 1507 785 1568 vera
811 1477 1079 1566 Tironianis
1103 1479 1225 1568 notis
1253 1475 1482 1568 scribendi
1507 1481 1643 1582 rati0‚
1672 1477 1792 1570 hanc
1820 1513 1905 1602 ego
1945 1516 2083 1604 expo·

310 1745 312 1753 ,
381 1676 492 1737 nere
527 1661 738 1743 conatus,
768 1667 975 1760 quaeque
1008 1641 1157 1732 adhuc
1185 1638 1569 1758 incomprehensa
1601 1662 1695 1730 erat
1724 1667 1926 1736 veterum
1958 1671 2083 1740 nota·

381 1839 484 1896 rum
520 1804 733 1920 anaiysis‚
772 1831 870 1892 eam
909 1800 1072 1890 docere
1104 1832 1335 1924 aggressus
1372 1829 1494 1892 sum:
1532 1821 1666 1920 atque
1703 1803 1759 1892 ad
1793 1807 2083 1904 difficillimae

385 1972 630 2086 scripturae
668 1969 1003 2087 cognitionem,
1043 1968 1166 2079 cujus
1205 1955 1351 2056 aditus¹
1376 1969 1428 2054 in
1459 1966 1658 2055 tenebris
1692 1969 1839 2078 jacens
1869 1979 2083 2072 omnibus

346 2153 349 2180 ¹
388 2153 480 2222 erat
505 2131 779 2234 obstructus
812 2132 932 2216 viam
957 2129 1143 2218 ulterius
1169 2124 1498 2248 progrediendi
1522 2131 1681 2246 aperui
1704 2149 1747 2218 et
1770 2138 1959 2243 munivi,
1988 2171 2081 2230 scon

385 2299 520 2417 pulos
546 2294 834 2384 difficillimos
863 2319 1184 2412 perrumpens,
1228 2313 1362 2412 atque
1391 2290 1720 2411 impedimenta
1749 2299 1919 2419 ubique
1948 2310 2082 2398 obvia

384 2490 649 2568 removens,
688 2459 890 2548 adhibita
922 2462 974 2546 in
1011 2455 1279 2577 superandis
1311 2456 1376 2544 eis
1413 2455 1674 2546 incredibili
1704 2490 1864 2577 opera,
1908 2498 2080 2564 summa

385 2629 643 2752 diligentia,
677 2647 741 2733 et,
770 2627 928 2746 paucis
948 2643 1000 2713 ut
1025 2623 1322 2741 complectar,
1356 2618 1647 2718 Germanica
1673 2624 1926 2722 assiduitate
1948 2658 2082 2760 atque
2180 2724 2183 2732 .

336 2813 339 2822 ·
382 2791 614 2882 industria.
673 2789 805 2908 Quae
829 2793 868 2880 si
890 2820 989 2878 non
1007 2808 1176 2876 temere
1200 2786 1258 2875 de
1280 2818 1353 2876 me
1377 2809 1484 2878 sunt
1501 2788 1773 2908 praedicata,
1806 2828 1862 2889 ex
1886 2800 1956 2894 his
1978 2839 2079 2930 eg0‚

384 2980 517 3078 atque
545 2992 603 3050 ex
623 2959 695 3048 his
720 2961 825 3049 solis
853 2959 917 3076 (d.
935 2955 1016 3064 8),
1046 2985 1141 3046 esse
1170 2945 1322 3073 aliquo
1349 2954 1400 3044 in
1437 2987 1631 3050 numero
1667 2961 1852 3056 eruditis
1874 2968 2077 3062 videbor.
