4754 5940
993 534 1304 652 -·Q1*

313 755 452 843 Picta
471 755 638 876 (toga).
664 771 696 842 6)
722 767 785 836 669
876 751 1092 841 Pilarius.¹
1110 766 1173 832 696

306 920 508 1008 Pictavis.
535 901 579 1006 o·
596 935 660 999 666

306 1085 471 1171 Pictor.
501 1099 562 1166 666

306 1248 498 1334 Pictum.
526 1267 587 1330 666

309 1413 499 1499 Pictura.
526 1427 587 1491 666

308 1576 400 1661 Pie.
430 1589 493 1656 666

309 1739 465 1826 Pietas.
492 1751 553 1822 666

311 1903 457 2022 Piger.
483 1917 545 1983 666
635 1905 637 1916 ’
683 1993 686 2000 ,

308 2068 541 2185 Piget3275

312 2227 654 2351 Pignoraticius.
683 2247 745 2315 666

313 2407 498 2526 Pignus.
528 2419 591 2486 666

313 2567 567 2658 Piheredis!
598 2590 660 2654 669

314 2735 511 2821 Pile.·280

877 912 1069 1004 Pileum.
1099 927 1173 1002 669.
1203 933 1254 1007 (t.
1272 929 1359 1008 699)

876 1083 1061 1172 Pilosus.
1091 1045 1153 1160 695

877 1247 1123 1336 Pilumnus.
1154 1261 1214 1329 666

878 1413 1015 1502 Pilus.
1043 1433 1106 1498 666

878 1581 1015 1693 pirna.
1045 1591 1107 1658 666

877 1742 1000 1857 pina.
1031 1747 1093 1815 286

878 1899 1140 1992 Pindarus.
1162 1920 1200 1990 s)
1221 1915 1292 1986 696.
1315 1919 1375 1984 666

878 2067 1043 2185 Pingit.
1072 2080 1135 2146 666

879 2232 1081 2351 Pinguis.
1109 2246 1171 2313 666

882 2405 1219 2525 Pinguissimus.
1248 2413 1309 2480 att

776 2632 795 2642 -
881 2571 1033 2658 Pinus.
1063 2585 1124 2652 666

880 2733 1046 2819 Pinxit.
1076 2754 1137 2818 666

1443 741 1590 862 Piper.
1619 759 1681 826 666
1711 805 1714 813 6
1798 761 1802 772 “

1442 911 1598 999 Pirata.
1619 929 1667 1009 y>
1692 926 1752 992 ne
1779 969 1783 976 .

1443 1073 1673 1164 Piraticus.
1703 1085 1777 1156 966.
1805 1090 1865 1156 666

1444 1219 1614 1327 Pirsus!
1641 1253 1706 1318 669

1444 1401 1527 1518 pis.
1555 1418 1628 1486 666.
1657 1415 1719 1482 669

1446 1565 1690 1654 Pisaurum.
1721 1587 1781 1652 696

1448 1733 1638 1824 Piscina.
1668 1747 1728 1813 666

1449 1900 1602 1986 Piscis.
1631 1915 1692 1981 666

1447 2061 1573 2146 Pisis.
1599 2085 1644 2147 (v-
1658 2077 1784 2149 6666.)

1447 2224 1565 2310 Piso.
1595 2200 1655 2311 696

1483 2335 1589 2388 Nomen
1606 2351 1702 2406 propr.

1451 2404 1723 2492 Pinacium.
1754 2425 1787 2497 2)
1811 2420 1849 2485 66

1449 2573 1606 2660 Pistor.
1633 2591 1671 2661 a)
1693 2589 1756 2655 666

1447 2737 1703 2824 Pistrinum.
1732 2753 1792 2818 285

357 2900 389 2968 t)
420 2891 515 2980 Apud
537 2891 711 2956 Grutemm
734 2890 917 2998 simpliciter
935 2890 1051 2977 legitur
1073 2902 1176 2981 Pictc5
1205 2893 1257 2957 cui
1278 2916 1354 2958 vero
1377 2895 1630 2982 interpretationi
1650 2895 1754 2986 figure
1775 2907 1867 2960 notae
1890 2905 2004 2962 Pictum

419 3000 612 3063 adversatur.
662 2998 819 3086 Equidem
841 3008 924 3064 Picta
945 3016 1017 3084 toga
1044 2999 1587 3089 (11666.αρ.(16616616.231.566)
1614 3007 1726 3093 posui,
1749 3003 1899 3091 quonium
1920 3013 2004 3066 ente·

420 3105 536 3168 cedunt
557 3105 818 3170 indumentorum
838 3107 978 3193 nomina.
1033 3107 1155 3194 Quodsi
1177 3109 1256 3174 haec
1277 3107 1459 3197 conjectura
1481 3111 1567 3176 haud
1587 3109 1753 3196 ssfisfacit3
1779 3109 1851 3173 licet
1875 3119 2006 3176 Pictacic

418 3211 542 3298 legere,
569 3211 624 3297 qui
644 3210 774 3299 pluralis
796 3233 949 3276 numerus
972 3223 1019 3279 eet
1040 3214 1179 3280 nominis
1202 3227 1384 3300 Pinacium,
1405 3217 1629 3303 cujusGelliuc
1652 3222 1787 3296 (16.6)
1809 3215 1962 3282 meminit.

358 3351 397 3421 u)
421 3354 556 3425 Pictam,
586 3343 682 3408 hodie
711 3355 841 3412 Poitiers.
902 3346 954 3410 De
983 3346 1117 3412 ablativo
1150 3367 1224 3411 casu
1259 3349 1293 3411 in
1324 3348 1420 3434 hujus
1450 3359 1544 3413 notae
1571 3347 1827 3436 interpretatione
1859 3345 2024 3430 superius¹

418 3463 469 3541 (p.
487 3455 558 3523 415.
574 3461 627 3530 m)
651 3453 723 3516 dixi.
765 3452 888 3516 Eodem
911 3453 1005 3546 etium
1025 3475 1100 3518 casu
1121 3453 1237 3541 legitur
1256 3455 1289 3518 id
1309 3477 1428 3519 nomen
1448 3456 1483 3519 in
1498 3455 1616 3519 Notitie
1634 3454 1710 3539 imp.
1728 3451 1825 3517 occid.
1848 3453 1938 3528 (179.
1948 3451 2002 3531 b),

422 3562 507 3625 etin
528 3562 697 3649 diplomate
718 3561 876 3626 Ludovici
897 3560 944 3623 Pii
967 3559 1109 3638 (Mebill.
1126 3567 1222 3638 314).

359 3704 398 3774 x)
420 3695 568 3781 Quamvis
591 3718 629 3758 er
649 3695 758 3758 literae
780 3695 803 3757 P
820 3692 930 3756 formis
945 3717 1010 3756 une
1023 3695 1084 3774 sit,
1109 3715 1203 3779 quem
1217 3695 1251 3755 in
1266 3692 1354 3755 litere
1369 3691 1399 3754 N
1413 3691 1586 3756 involutam
1603 3709 1751 3754 essenon
1769 3689 1904 3753 absurde
1911 3687 2003 3772 {dixe-

423 3803 486 3884 ris,
501 3802 587 3865 haud
601 3813 706 3866 tnmen
719 3812 839 3890 'certem
854 3801 1022 3865 lectionem
1043 3797 1146 3864 habeo
1162 3809 1265 3880 notae,
1288 3821 1382 3887 quam
1405 3823 1503 3887 aeque
1522 3809 1643 3865 idanus
1656 3793 1767 3876 (Curt-
1787 3799 1815 3864 1.
1836 3798 1893 3878 5),
1917 3807 2008 3862 ldae·
2104 3882 2109 3892 ἱ

425 3917 542 3996 timeus
564 3906 694 3986 (strab.
713 3913 763 3974 13.
786 3912 913 3994 poet)
943 3917 1141 3987 inducturos,
1169 3917 1228 3972 cet.
1249 3907 1450 3996 interpretari
1470 3908 1551 3973 licet.
1606 3907 1669 3975 Sed
1690 3908 1848 3978 incertum
1868 3927 1936 3970 non
1956 3905 2007 3968 de·

421 4003 492 4081 vcuit
515 4039 534 4080 a
554 4003 747 4080 Gruterienc
767 4016 901 4080 lectione
923 4017 1080 4082 recedere.
1856 3995 1861 4004 ’

349 4155 397 4232 y)
418 4150 506 4212 Mira
527 4159 574 4212 est
594 4160 685 4230 ncta,
717 4171 756 4212 ex
777 4149 868 4235 cujus
890 4143 994 4211 forme
1013 4147 1120 4235 potius
1141 4157 1230 4216 irata
1252 4149 1385 4214 elicitur.
1437 4147 1531 4213 Haud
1557 4159 1662 4213 temen
1687 4147 1726 4212 ad
1748 4158 1840 4212 notae
1865 4156 2009 4214 Pircticas

427 4251 565 4338 figuram
594 4255 676 4317 hanc
705 4255 872 4318 emendare
900 4275 995 4342 ausus
1027 4276 1117 4338 sum,
1151 4257 1301 4344 quonium
1321 4257 1356 4319 in
1376 4257 1458 4320 libro
1481 4259 1568 4322 Cass.
1584 4280 1650 4320 non
1672 4255 1779 4321 solum
1801 4255 1909 4320 eadem
1935 4272 2008 4314 con·

429 4359 580 4442 spicitur,
603 4360 656 4424 sed
678 4361 771 4424 etiem
793 4371 868 4424 nou
890 4371 1036 4427 Piraticus
1057 4360 1199 4425 adhunc
1219 4361 1318 4448 magis
1344 4362 1472 4426 accedit.
1541 4385 1545 4390 ·

276 4519 278 4526 .
364 4489 398 4558 6)
419 4481 514 4569 Apud
536 4483 712 4553 Gruterum
732 4499 877 4557 Bitatium
907 4493 1041 4580 legitur,
1072 4504 1111 4574 et,
1135 4491 1212 4556 6.Β1
1233 4491 1374 4582 incipere
1398 4507 1517 4578 notem,
1538 4499 1741 4585 perspicuum
1765 4503 1818 4556 cst.
1863 4487 1923 4552 Sed
1945 4491 2009 4548 Nc·

428 4601 567 4672 turrium,
585 4601 715 4681 Cuncta,
738 4620 817 4687 quae
838 4599 983 4684 proxime
1005 4610 1201 4683 sequuntur,
1225 4601 1296 4666 satis
1318 4614 1474 4689 arguunt,
1491 4614 1649 4670 Pinacium
1671 4595 1908 4682 intelligendum
1929 4607 2008 4652 6666.
