4776 5964
1094 615 1154 642 ··
1207 601 1293 689 414
1347 617 1407 677 τ·

964 783 1102 875 Abiit.
1144 805 1165 870 5
1206 895 1208 901 Α
1542 790 1764 913 Abnegat
1806 813 1846 881 15

966 949 1245 1040 Abimelech.
1278 967 1320 1032 ιο
1542 956 1774 1075 Abnepoa
1823 982 1853 1052 a)
1892 981 1934 1046 24

965 1089 1037 1202 Ab
1049 1085 1237 1233 ineunte
1251 1134 1403 1206 aetate.
1434 1133 1475 1200 16
1543 1119 1777 1238 Abneptis.
1821 1141 1863 1209 26

408 1286 623 1382 Abduxit.
673 1299 749 1364 u·
965 1279 1036 1366 Ab
1059 1281 1262 1401 ingenio.
1308 1297 1348 1363 u
1541 1285 1729 1374 Abnuit.
1774 1305 1816 1373 25

407 1454 536 1546 Abel.
577 1467 596 1531 7
844 1419 850 1434 ⁸
965 1444 1036 1535 Ab
1059 1445 1206 1536 initio.
1248 1465 1269 1531 5
1540 1445 1718 1536 Abolet
1755 1471 1797 1538 26

408 1622 478 1711 Ab
504 1617 588 1705 his.
632 1635 650 1697 r
963 1609 1036 1698 Ab
1058 1610 1191 1698 initio
1211 1609 1462 1700 adolescen·
1539 1581 1732 1704 Abolla.
1779 1635 1813 1706 c)
1857 1633 1898 1700 26

408 1775 700 1876 Abhorrescit
738 1792 780 1857 26
1014 1773 1113 1860 tiae.
1157 1789 1178 1855 5
1538 1777 1848 1869 Abominatur,
1895 1801 1936 1867 26

406 1942 666 2040 Abhorruit.
706 1953 748 2018 26
963 1939 1031 2026 Ab
1053 1941 1188 2025 initio
1208 1939 1370 2026 aetatis.
1414 1956 1435 2022 5
1536 1943 1789 2034 Abrabam!
1850 1965 1871 2030 6

405 2112 608 2225 Abiecit·
637 2122 676 2184 17
960 2103 1079 2191 Abit.
1122 2122 1142 2186 5
1535 2107 1725 2194 Abi-adit
1766 2129 1807 2190 aa

404 2283 554 2371 Abies,
596 2287 618 2352 6
867 2339 879 2374 .,
958 2267 1180 2356 Ablatum.
1227 2287 1269 2350 20
1534 2270 1771 2361 Abraham.
1813 2299 1834 2364 6

398 2443 568 2564 Abigit.
610 2457 630 2520 6
956 2434 1148 2554 Abligat.
1186 2449 1307 2534 212⁰
1532 2435 1711 2524 Abram.
1755 2457 1776 2522 6

396 2610 573 2723 Abjicit.
619 2624 658 2687 17
737 2639 739 2644 ’
787 2561 797 2584 ⁸
885 2567 889 2574 ⁴
956 2600 1159 2688 Ablocat.
1202 2620 1240 2691 a)
1279 2617 1321 2680 20
1531 2593 1714 2690 Abran.
1760 2624 1792 2726 ⁸r)
1830 2622 1850 2688 6

427 2857 476 2938 f)
500 2852 573 2938 Quo
595 2847 705 2912 ordine
727 2844 762 2906 in
782 2841 971 2906 Gruteriana
997 2841 1180 2906 collectione
1209 2852 1302 2906 notae
1331 2843 1392 2904 sint
1421 2840 1557 2928 digestae
1584 2851 1622 2920 (t
1643 2847 1731 2923 70),
1770 2841 1832 2909 hoc
1857 2845 1984 2934 quidam
2009 2847 2082 2916 loco

503 2953 620 3042 optime
644 2950 774 3031 videbit.
841 2948 944 3012 Seriea
968 2959 1116 3013 notarum
1136 2950 1214 3014 haec
1237 2959 1282 3011 est
1303 2950 1475 3036 (p.162)=
1506 2959 1610 3028 Piscis,
1638 2961 1814 3034 Pisciculus,
1845 2966 1973 3038 Piscina,
1996 2969 2083 3043 Esca,

497 3069 642 3134 Esocinc‚
671 3063 838 3133 Attamen,
870 3062 1012 3130 Thynias
1043 3061 1225 3130 (lndomitus
1248 3054 1351 3133 enim,
1387 3053 1473 3140 quod
1506 3079 1524 3118 a
1554 3055 1636 3120 libro
1670 3057 1839 3127 Caeselano
1862 3064 1965 3148 abest,
2009 3079 2082 3154 post

495 3159 713 3226 intercalatum
741 3181 807 3222 esse
827 3158 979 3235 ridetur).
1044 3158 1166 3246 Quodsi
1198 3160 1278 3222 ratio
1306 3159 1484 3246 quaeritur,
1527 3184 1585 3224 cur
1610 3163 1694 3227 inter
1713 3168 1847 3254 piscium
1875 3170 2006 3235 nomina
2042 3175 2081 3238 sit

495 3279 663 3349 Aldomcn,
684 3289 780 3330 nemo
806 3265 873 3370 lere
895 3289 1046 3354 umquam
1072 3288 1140 3329 eam
1163 3267 1294 3330 reddere
1306 3268 1441 3355 poterit,
1464 3270 1525 3332 nisi
1544 3281 1633 3338 Plinii
1658 3273 1929 3357 locum(12.15)
1955 3281 2078 3368 legerit,

493 3381 551 3446 ubi
572 3387 679 3468 thynni
700 3385 841 3443 abdomen
867 3375 1075 3438 commendat.

314 3557 316 3562 ·
428 3539 467 3622 g)
481 3529 588 3595 Liber
603 3523 789 3596 Casaelanus
808 3529 933 3608 Attegct
949 3520 1060 3584 habet:
1086 3544 1166 3609 quae
1182 3520 1308 3614 quidem
1327 3521 1419 3586 lectio
1438 3525 1656 3592 reriorrideri
1672 3535 1790 3622 poscit3
1812 3539 1866 3604 sed
1885 3565 1958 3607 mma
1974 3542 2077 3612 forma

489 3651 658 3720 notarum,
681 3635 795 3724 quibus
817 3645 942 3722 Detcgct
964 3644 994 3697 et
1015 3645 1136 3722 ltctcgat
1159 3632 1374 3722 significatur,
1397 3633 1483 3698 hautl
1504 3639 1662 3725 congruit.

427 3794 466 3864 li)
490 3786 592 3851 Solius
619 3784 762 3848 Suetonii
783 3784 965 3848 auctoritate
988 3781 1051 3847 boc
1070 3781 1205 3848 verbum
1224 3780 1345 3845 nititur.

427 3923 456 3992 i)
483 3914 609 3978 Praeter
638 3913 826 3978 clarissimos
858 3915 966 4002 legum
995 3916 1182 4001 interpretes
1211 3913 1325 3999 Cajum
1357 3925 1388 3978 et
1416 3915 1536 3980 lulium
1564 3917 1714 4002 Paulum,
1761 3915 1951 3990 Suetonium
1979 3928 2072 3994 etiam

484 4017 668 4084 nominibus
689 4029 821 4104 Alncpos
842 4031 873 4084 at
897 4031 1034 4106 Abneptis
1054 4022 1101 4086 uti
1121 4021 1272 4086 videmus.

421 4159 455 4231 t)
477 4153 562 4216 Inter
598 4151 860 4218 vestimentorum
891 4178 1010 4242 genera
1041 4164 1149 4222 Atctta
1178 4153 1348 4240 legendum
1385 4177 1452 4219 essa
1487 4179 1548 4244 pro
1581 4165 1758 4226 Gratericno
1786 4176 1896 4249 Apottc
1933 4168 2062 4232 minimo

481 4259 614 4324 dubium
636 4270 690 4322 est.
810 4325 826 4353 x

418 4399 449 4471 t)
477 4391 603 4456 Nomen
631 4390 760 4455 civitatis
790 4391 957 4470 (Leusden
987 4394 1213 4474 Onomastti).
1279 4401 1323 4465 lta
1353 4401 1480 4489 quidem
1507 4401 1571 4488 legi
1598 4383 1701 4489 iactest
1728 4412 1812 4465 nota.
1879 4404 1940 4468 Srcl
1969 4409 2066 4472 altera

476 4499 570 4562 lectio
594 4507 704 4563 Abram
728 4521 765 4561 eo
787 4500 886 4584 magis
907 4499 1112 4584 praeferenda
1133 4515 1194 4587 est,
1222 4529 1285 4591 quo
1315 4505 1435 4571 facilius
1466 4506 1505 4569 ab
1534 4510 1593 4571 bac
1625 4519 1698 4572 nota
1725 4505 1859 4568 derivari
1886 4520 1988 4593 potest
2017 4536 2063 4594 ea,

473 4627 553 4698 quae
581 4606 615 4668 in
645 4606 828 4672 collectione
855 4608 999 4694 proxime
1028 4611 1185 4700 sequitur,
1217 4595 1384 4700 Abraham,
1415 4614 1501 4702 quod
1529 4638 1631 4680 unum
1663 4613 1808 4698 idemqne
1838 4633 1956 4694 nomen
1991 4637 2059 4681 esse

473 4722 602 4779 constat.
