<?xml version="1.0" encoding="UTF-8"?>
<!DOCTYPE html PUBLIC "-//W3C//DTD XHTML 1.0 Transitional//EN"
    "http://www.w3.org/TR/xhtml1/DTD/xhtml1-transitional.dtd">
<html xmlns="http://www.w3.org/1999/xhtml" xml:lang="en" lang="en">
 <head>
  <title>
</title>
<meta http-equiv="Content-Type" content="text/html;charset=utf-8" />
  <meta name='ocr-system' content='tesseract 3.04.00' />
  <meta name='ocr-capabilities' content='ocr_page ocr_carea ocr_par ocr_line ocrx_word'/>
</head>
<body>
  <div class='ocr_page' id='page_1' title='image "./palaeographiacr00koppgoog_0669.png"; bbox 0 0 4754 5940; ppageno 0'>
   <div class='ocr_carea' id='block_1_1' title="bbox 1070 564 1382 664">
    <p class='ocr_par' dir='ltr' id='par_1_1' title="bbox 1070 564 1382 664">
     <span class='ocr_line' id='line_1_1' title="bbox 1070 564 1382 664; baseline 0 -13"><span class='ocrx_word' id='word_1_1' title='bbox 1070 564 1382 664; x_wconf 80' lang='grc'>-333-,</span> 
     </span>
    </p>
   </div>
   <div class='ocr_carea' id='block_1_2' title="bbox 285 777 2073 1695">
    <p class='ocr_par' dir='ltr' id='par_1_2' title="bbox 285 777 2073 1695">
     <span class='ocr_line' id='line_1_2' title="bbox 285 777 1738 905; baseline -0.007 -29"><span class='ocrx_word' id='word_1_2' title='bbox 285 777 287 784; x_wconf 43' lang='grc'><strong>“</strong></span> <span class='ocrx_word' id='word_1_3' title='bbox 382 783 653 905; x_wconf 71' lang='lat' dir='ltr'><strong>stranguria.</strong></span> <span class='ocrx_word' id='word_1_4' title='bbox 681 797 745 862; x_wconf 83' lang='grc'>333</span> <span class='ocrx_word' id='word_1_5' title='bbox 951 779 1194 871; x_wconf 71' lang='lat' dir='ltr'><strong>struitur</strong></span> <span class='ocrx_word' id='word_1_6' title='bbox 1516 787 1645 873; x_wconf 83' lang='lat' dir='ltr'><strong>Suae.</strong></span> <span class='ocrx_word' id='word_1_7' title='bbox 1675 801 1738 866; x_wconf 90' lang='grc'>333</span> 
     </span>
     <span class='ocr_line' id='line_1_3' title="bbox 384 938 1868 1070; baseline -0.002 -32"><span class='ocrx_word' id='word_1_8' title='bbox 384 949 702 1038; x_wconf 59' lang='lat' dir='ltr'><strong>Stratonida.</strong></span> <span class='ocrx_word' id='word_1_9' title='bbox 732 958 793 1024; x_wconf 82' lang='grc'>331</span> <span class='ocrx_word' id='word_1_10' title='bbox 954 938 1406 1032; x_wconf 75' lang='lat' dir='ltr'><strong>struthiocaballus.</strong></span> <span class='ocrx_word' id='word_1_11' title='bbox 1422 963 1485 1029; x_wconf 92' lang='grc'>333</span> <span class='ocrx_word' id='word_1_12' title='bbox 1519 945 1714 1070; x_wconf 77' lang='lat' dir='ltr'><strong>Suapte.</strong></span> <span class='ocrx_word' id='word_1_13' title='bbox 1745 971 1783 1041; x_wconf 82' lang='lat' dir='ltr'>a)</span> <span class='ocrx_word' id='word_1_14' title='bbox 1804 971 1868 1038; x_wconf 89' lang='grc'>336</span> 
     </span>
     <span class='ocr_line' id='line_1_4' title="bbox 384 1103 2073 1228; baseline 0.001 -23"><span class='ocrx_word' id='word_1_15' title='bbox 384 1115 662 1205; x_wconf 88' lang='lat' dir='ltr'><strong>Stratorium.</strong></span> <span class='ocrx_word' id='word_1_16' title='bbox 693 1125 757 1192; x_wconf 84' lang='grc'>333</span> <span class='ocrx_word' id='word_1_17' title='bbox 955 1103 1397 1196; x_wconf 78' lang='lat' dir='ltr'><strong>Strutht&#39;ocamelut.</strong></span> <span class='ocrx_word' id='word_1_18' title='bbox 1421 1126 1481 1196; x_wconf 83' lang='grc'>333</span> <span class='ocrx_word' id='word_1_19' title='bbox 1518 1116 1683 1228; x_wconf 70' lang='grc'>833333</span> <span class='ocrx_word' id='word_1_20' title='bbox 1706 1131 1876 1200; x_wconf 87' lang='lat' dir='ltr'><strong>natura.</strong></span> <span class='ocrx_word' id='word_1_21' title='bbox 1905 1134 1965 1200; x_wconf 85' lang='grc'>331</span> <span class='ocrx_word' id='word_1_22' title='bbox 2048 1123 2073 1206; x_wconf 81' lang='lat'>.:</span> 
     </span>
     <span class='ocr_line' id='line_1_5' title="bbox 383 1270 1839 1409; baseline -0.008 -43"><span class='ocrx_word' id='word_1_23' title='bbox 383 1281 590 1367; x_wconf 83' lang='lat' dir='ltr'><strong>Stratum.</strong></span> <span class='ocrx_word' id='word_1_24' title='bbox 619 1291 693 1361; x_wconf 86' lang='grc'>333.</span> <span class='ocrx_word' id='word_1_25' title='bbox 720 1289 781 1358; x_wconf 87' lang='grc'>333</span> <span class='ocrx_word' id='word_1_26' title='bbox 955 1270 1197 1396; x_wconf 83' lang='lat' dir='ltr'><strong>Strymon.</strong></span> <span class='ocrx_word' id='word_1_27' title='bbox 1228 1292 1290 1360; x_wconf 81' lang='lat' dir='ltr'>att</span> <span class='ocrx_word' id='word_1_28' title='bbox 1519 1280 1643 1366; x_wconf 84' lang='lat' dir='ltr'><strong>suas.</strong></span> <span class='ocrx_word' id='word_1_29' title='bbox 1673 1295 1734 1357; x_wconf 85' lang='grc'>333</span> <span class='ocrx_word' id='word_1_30' title='bbox 1834 1388 1839 1409; x_wconf 31' lang='grc' dir='ltr'>Ι</span> 
     </span>
     <span class='ocr_line' id='line_1_6' title="bbox 383 1431 1767 1530; baseline -0.006 0"><span class='ocrx_word' id='word_1_31' title='bbox 383 1443 614 1530; x_wconf 88' lang='lat' dir='ltr'><strong>Stremon!</strong></span> <span class='ocrx_word' id='word_1_32' title='bbox 643 1455 706 1521; x_wconf 84' lang='grc'>333</span> <span class='ocrx_word' id='word_1_33' title='bbox 951 1431 1201 1526; x_wconf 87' lang='lat' dir='ltr'><strong>Studiosus.</strong></span> <span class='ocrx_word' id='word_1_34' title='bbox 1231 1457 1292 1522; x_wconf 87' lang='grc'>363</span> <span class='ocrx_word' id='word_1_35' title='bbox 1519 1442 1677 1528; x_wconf 87' lang='lat' dir='ltr'><strong>Suasit.</strong></span> <span class='ocrx_word' id='word_1_36' title='bbox 1706 1461 1767 1524; x_wconf 89' lang='grc'>333</span> 
     </span>
     <span class='ocr_line' id='line_1_7' title="bbox 382 1581 1781 1695; baseline -0.011 0"><span class='ocrx_word' id='word_1_37' title='bbox 382 1607 613 1695; x_wconf 86' lang='lat' dir='ltr'><strong>Strenuus.</strong></span> <span class='ocrx_word' id='word_1_38' title='bbox 642 1581 705 1689; x_wconf 88' lang='grc'>333</span> <span class='ocrx_word' id='word_1_39' title='bbox 952 1597 1175 1686; x_wconf 90' lang='lat' dir='ltr'><strong>Studium.</strong></span> <span class='ocrx_word' id='word_1_40' title='bbox 1202 1600 1292 1682; x_wconf 81' lang='grc' dir='ltr'>333Ι</span> <span class='ocrx_word' id='word_1_41' title='bbox 1519 1605 1691 1694; x_wconf 76' lang='lat' dir='ltr'><strong>Suavis,</strong></span> <span class='ocrx_word' id='word_1_42' title='bbox 1719 1621 1781 1688; x_wconf 78' lang='grc'>333</span> 
     </span>
    </p>
   </div>
   <div class='ocr_carea' id='block_1_3' title="bbox 385 1764 1919 2218">
    <p class='ocr_par' dir='ltr' id='par_1_3' title="bbox 385 1764 1919 2218">
     <span class='ocr_line' id='line_1_8' title="bbox 385 1764 1919 1888; baseline -0.002 -27"><span class='ocrx_word' id='word_1_43' title='bbox 385 1773 566 1888; x_wconf 85' lang='lat' dir='ltr'><strong>Strepit.</strong></span> <span class='ocrx_word' id='word_1_44' title='bbox 595 1785 657 1851; x_wconf 90' lang='grc'>333</span> <span class='ocrx_word' id='word_1_45' title='bbox 952 1764 1158 1857; x_wconf 87' lang='lat' dir='ltr'><strong>Stultitia.</strong></span> <span class='ocrx_word' id='word_1_46' title='bbox 1186 1781 1247 1846; x_wconf 88' lang='grc'>333</span> <span class='ocrx_word' id='word_1_47' title='bbox 1519 1772 1828 1861; x_wconf 88' lang='lat' dir='ltr'><strong>Suavissimus.</strong></span> <span class='ocrx_word' id='word_1_48' title='bbox 1857 1791 1919 1858; x_wconf 90' lang='grc'>366</span> 
     </span>
     <span class='ocr_line' id='line_1_9' title="bbox 386 1929 1722 2051; baseline -0.007 -28"><span class='ocrx_word' id='word_1_49' title='bbox 386 1937 619 2051; x_wconf 86' lang='lat' dir='ltr'><strong>Strepitus.</strong></span> <span class='ocrx_word' id='word_1_50' title='bbox 647 1953 708 2019; x_wconf 89' lang='grc'>333</span> <span class='ocrx_word' id='word_1_51' title='bbox 953 1929 1134 2018; x_wconf 87' lang='lat' dir='ltr'><strong>Stultus.</strong></span> <span class='ocrx_word' id='word_1_52' title='bbox 1161 1942 1223 2009; x_wconf 80' lang='grc'>335</span> <span class='ocrx_word' id='word_1_53' title='bbox 1520 1937 1630 2024; x_wconf 90' lang='grc'>833.</span> <span class='ocrx_word' id='word_1_54' title='bbox 1661 1952 1722 2018; x_wconf 86' lang='grc'>363</span> 
     </span>
     <span class='ocr_line' id='line_1_10' title="bbox 386 2093 1855 2218; baseline -0.008 -31"><span class='ocrx_word' id='word_1_55' title='bbox 386 2097 565 2187; x_wconf 82' lang='lat' dir='ltr'><strong>Stridet</strong></span> <span class='ocrx_word' id='word_1_56' title='bbox 593 2117 656 2183; x_wconf 83' lang='grc'>333</span> <span class='ocrx_word' id='word_1_57' title='bbox 952 2093 1192 2208; x_wconf 82' lang='lat' dir='ltr'><strong>stupescit.</strong></span> <span class='ocrx_word' id='word_1_58' title='bbox 1221 2110 1281 2176; x_wconf 85' lang='grc'>333</span> <span class='ocrx_word' id='word_1_59' title='bbox 1522 2099 1765 2218; x_wconf 83' lang='lat' dir='ltr'><strong>Subagitat.</strong></span> <span class='ocrx_word' id='word_1_60' title='bbox 1795 2121 1855 2186; x_wconf 65' lang='grc'>333</span> 
     </span>
    </p>
   </div>
   <div class='ocr_carea' id='block_1_4' title="bbox 1555 2211 1872 2286">
    <p class='ocr_par' dir='ltr' id='par_1_4' title="bbox 1555 2211 1872 2286">
     <span class='ocr_line' id='line_1_11' title="bbox 1555 2211 1872 2286; baseline 0.009 -20"><span class='ocrx_word' id='word_1_61' title='bbox 1555 2211 1646 2276; x_wconf 76' lang='lat' dir='ltr'><strong>(Dela</strong></span> <span class='ocrx_word' id='word_1_62' title='bbox 1664 2211 1773 2286; x_wconf 78' lang='lat' dir='ltr'><strong>tignum</strong></span> <span class='ocrx_word' id='word_1_63' title='bbox 1790 2217 1872 2282; x_wconf 73' lang='grc'>3331.)</span> 
     </span>
    </p>
   </div>
   <div class='ocr_carea' id='block_1_5' title="bbox 386 2277 1921 2564">
    <p class='ocr_par' dir='ltr' id='par_1_5' title="bbox 386 2277 1921 2564">
     <span class='ocr_line' id='line_1_12' title="bbox 388 2277 1921 2393; baseline -0.001 -23"><span class='ocrx_word' id='word_1_64' title='bbox 388 2277 574 2370; x_wconf 89' lang='lat' dir='ltr'><strong>Stridor.</strong></span> <span class='ocrx_word' id='word_1_65' title='bbox 604 2296 666 2362; x_wconf 89' lang='grc'>333</span> <span class='ocrx_word' id='word_1_66' title='bbox 955 2279 1126 2393; x_wconf 86' lang='lat' dir='ltr'><strong>Stupet.</strong></span> <span class='ocrx_word' id='word_1_67' title='bbox 1156 2293 1217 2358; x_wconf 78' lang='lat'>355</span> <span class='ocrx_word' id='word_1_68' title='bbox 1521 2284 1832 2373; x_wconf 83' lang='lat' dir='ltr'><strong>Subambulat!</strong></span> <span class='ocrx_word' id='word_1_69' title='bbox 1861 2305 1921 2369; x_wconf 88' lang='grc'>333</span> 
     </span>
     <span class='ocr_line' id='line_1_13' title="bbox 386 2436 1828 2564; baseline -0.004 -30"><span class='ocrx_word' id='word_1_70' title='bbox 386 2444 590 2562; x_wconf 70' lang='lat' dir='ltr'><strong>strigilis.</strong></span> <span class='ocrx_word' id='word_1_71' title='bbox 622 2462 682 2530; x_wconf 78' lang='grc'>333</span> <span class='ocrx_word' id='word_1_72' title='bbox 955 2436 1185 2556; x_wconf 83' lang='lat' dir='ltr'><strong>stupidus.</strong></span> <span class='ocrx_word' id='word_1_73' title='bbox 1214 2455 1275 2522; x_wconf 85' lang='grc'>333</span> <span class='ocrx_word' id='word_1_74' title='bbox 1521 2447 1739 2564; x_wconf 83' lang='lat' dir='ltr'><strong>subapte!</strong></span> <span class='ocrx_word' id='word_1_75' title='bbox 1766 2467 1828 2532; x_wconf 83' lang='grc'>333</span> 
     </span>
    </p>
   </div>
   <div class='ocr_carea' id='block_1_6' title="bbox 387 2606 2069 3718">
    <p class='ocr_par' dir='ltr' id='par_1_6' title="bbox 387 2606 2069 3718">
     <span class='ocr_line' id='line_1_14' title="bbox 389 2606 2069 2732; baseline -0.001 -34"><span class='ocrx_word' id='word_1_76' title='bbox 389 2609 587 2729; x_wconf 82' lang='lat' dir='ltr'><strong>Stringit.</strong></span> <span class='ocrx_word' id='word_1_77' title='bbox 618 2627 678 2692; x_wconf 89' lang='grc'>363</span> <span class='ocrx_word' id='word_1_78' title='bbox 955 2606 1136 2720; x_wconf 90' lang='lat' dir='ltr'><strong>Stupor.</strong></span> <span class='ocrx_word' id='word_1_79' title='bbox 1165 2625 1226 2692; x_wconf 87' lang='grc'>333</span> <span class='ocrx_word' id='word_1_80' title='bbox 1522 2612 1720 2729; x_wconf 86' lang='lat' dir='ltr'><strong>Subapte</strong></span> <span class='ocrx_word' id='word_1_81' title='bbox 1730 2613 1989 2732; x_wconf 85' lang='lat' dir='ltr'><strong>ingenium!</strong></span> <span class='ocrx_word' id='word_1_82' title='bbox 2008 2633 2069 2700; x_wconf 87' lang='grc'>333</span> 
     </span>
     <span class='ocr_line' id='line_1_15' title="bbox 388 2769 2046 2891; baseline 0.001 -28"><span class='ocrx_word' id='word_1_83' title='bbox 388 2774 840 2880; x_wconf 81' lang='lat' dir='ltr'><strong>Strociocaballusly)</strong></span> <span class='ocrx_word' id='word_1_84' title='bbox 862 2795 924 2862; x_wconf 90' lang='grc'>333</span> <span class='ocrx_word' id='word_1_85' title='bbox 956 2780 1140 2891; x_wconf 90' lang='lat' dir='ltr'><strong>Stuppa.</strong></span> <span class='ocrx_word' id='word_1_86' title='bbox 1170 2789 1231 2857; x_wconf 86' lang='grc'>333</span> <span class='ocrx_word' id='word_1_87' title='bbox 1524 2769 1622 2863; x_wconf 80' lang='lat' dir='ltr'><strong>Sub</strong></span> <span class='ocrx_word' id='word_1_88' title='bbox 1645 2773 1956 2870; x_wconf 72' lang='lat' dir='ltr'><strong>conditione?</strong></span> <span class='ocrx_word' id='word_1_89' title='bbox 1984 2798 2046 2864; x_wconf 92' lang='grc'>336</span> 
     </span>
     <span class='ocr_line' id='line_1_16' title="bbox 388 2938 1937 3060; baseline 0.001 -37"><span class='ocrx_word' id='word_1_90' title='bbox 388 2941 781 3035; x_wconf 81' lang='grc'>8333313333331361</span> <span class='ocrx_word' id='word_1_91' title='bbox 811 2959 874 3028; x_wconf 89' lang='grc'>339</span> <span class='ocrx_word' id='word_1_92' title='bbox 956 2943 1186 3057; x_wconf 88' lang='lat' dir='ltr'><strong>Stuprum.</strong></span> <span class='ocrx_word' id='word_1_93' title='bbox 1216 2956 1278 3023; x_wconf 86' lang='grc'>336</span> <span class='ocrx_word' id='word_1_94' title='bbox 1523 2938 1848 3060; x_wconf 78' lang='lat' dir='ltr'><strong>subdiaconus.</strong></span> <span class='ocrx_word' id='word_1_95' title='bbox 1878 2959 1937 3025; x_wconf 78' lang='grc'>363</span> 
     </span>
     <span class='ocr_line' id='line_1_17' title="bbox 387 3101 1791 3218; baseline -0.001 -26"><span class='ocrx_word' id='word_1_96' title='bbox 387 3101 599 3218; x_wconf 86' lang='lat' dir='ltr'><strong>Stropha.</strong></span> <span class='ocrx_word' id='word_1_97' title='bbox 626 3125 688 3188; x_wconf 87' lang='grc'>333</span> <span class='ocrx_word' id='word_1_98' title='bbox 960 3105 1162 3195; x_wconf 68' lang='lat' dir='ltr'><strong>Stenius.</strong></span> <span class='ocrx_word' id='word_1_99' title='bbox 1191 3126 1227 3197; x_wconf 77' lang='lat' dir='ltr'>z)</span> <span class='ocrx_word' id='word_1_100' title='bbox 1248 3114 1308 3185; x_wconf 80' lang='grc'>363</span> <span class='ocrx_word' id='word_1_101' title='bbox 1525 3102 1699 3196; x_wconf 79' lang='lat' dir='ltr'><strong>subdit.</strong></span> <span class='ocrx_word' id='word_1_102' title='bbox 1729 3123 1791 3190; x_wconf 84' lang='grc'>333</span> 
     </span>
     <span class='ocr_line' id='line_1_18' title="bbox 390 3266 1968 3385; baseline 0.003 -27"><span class='ocrx_word' id='word_1_103' title='bbox 390 3266 715 3385; x_wconf 88' lang='lat' dir='ltr'><strong>Strophiolum.</strong></span> <span class='ocrx_word' id='word_1_104' title='bbox 745 3289 807 3356; x_wconf 81' lang='grc'>336</span> <span class='ocrx_word' id='word_1_105' title='bbox 957 3301 1021 3370; x_wconf 82' lang='lat' dir='ltr'>su.</span> <span class='ocrx_word' id='word_1_106' title='bbox 1050 3287 1111 3353; x_wconf 86' lang='grc'>363</span> <span class='ocrx_word' id='word_1_107' title='bbox 1337 3301 1341 3311; x_wconf 59' lang='grc'><strong>“</strong></span> <span class='ocrx_word' id='word_1_108' title='bbox 1525 3269 1820 3362; x_wconf 82' lang='lat' dir='ltr'><strong>Subditione!</strong></span> <span class='ocrx_word' id='word_1_109' title='bbox 1851 3297 1885 3369; x_wconf 87' lang='lat' dir='ltr'>t)</span> <span class='ocrx_word' id='word_1_110' title='bbox 1907 3296 1968 3364; x_wconf 90' lang='grc'>336</span> 
     </span>
     <span class='ocr_line' id='line_1_19' title="bbox 387 3434 1856 3553; baseline -0.001 -29"><span class='ocrx_word' id='word_1_111' title='bbox 387 3434 667 3553; x_wconf 88' lang='lat' dir='ltr'><strong>Strophium.</strong></span> <span class='ocrx_word' id='word_1_112' title='bbox 696 3457 758 3523; x_wconf 85' lang='grc'>333</span> <span class='ocrx_word' id='word_1_113' title='bbox 959 3439 1060 3528; x_wconf 83' lang='grc'>833.</span> <span class='ocrx_word' id='word_1_114' title='bbox 1090 3455 1153 3520; x_wconf 90' lang='grc'>333</span> <span class='ocrx_word' id='word_1_115' title='bbox 1525 3435 1765 3526; x_wconf 84' lang='lat' dir='ltr'><strong>subdocet.</strong></span> <span class='ocrx_word' id='word_1_116' title='bbox 1794 3455 1856 3522; x_wconf 83' lang='grc'>333</span> 
     </span>
     <span class='ocr_line' id='line_1_20' title="bbox 389 3599 1855 3718; baseline -0.003 -28"><span class='ocrx_word' id='word_1_117' title='bbox 389 3601 677 3718; x_wconf 86' lang='lat' dir='ltr'><strong>Strophosus.</strong></span> <span class='ocrx_word' id='word_1_118' title='bbox 707 3623 770 3690; x_wconf 81' lang='grc'>363</span> <span class='ocrx_word' id='word_1_119' title='bbox 956 3599 1136 3696; x_wconf 80' lang='lat' dir='ltr'><strong>Suadet.</strong></span> <span class='ocrx_word' id='word_1_120' title='bbox 1166 3618 1226 3682; x_wconf 82' lang='grc'>333</span> <span class='ocrx_word' id='word_1_121' title='bbox 1527 3601 1767 3692; x_wconf 84' lang='lat' dir='ltr'><strong>Subdolet!</strong></span> <span class='ocrx_word' id='word_1_122' title='bbox 1796 3621 1855 3687; x_wconf 81' lang='grc'>333</span> 
     </span>
    </p>
   </div>
   <div class='ocr_carea' id='block_1_7' title="bbox 422 3799 2008 3892">
    <p class='ocr_par' dir='ltr' id='par_1_7' title="bbox 422 3799 2008 3892">
     <span class='ocr_line' id='line_1_21' title="bbox 422 3799 2008 3892; baseline 0.003 -27"><span class='ocrx_word' id='word_1_123' title='bbox 422 3805 469 3883; x_wconf 83' lang='lat' dir='ltr'>y)</span> <span class='ocrx_word' id='word_1_124' title='bbox 490 3801 519 3865; x_wconf 80' lang='lat' dir='ltr'>A</span> <span class='ocrx_word' id='word_1_125' title='bbox 540 3801 622 3867; x_wconf 85' lang='lat' dir='ltr'><strong>libro</strong></span> <span class='ocrx_word' id='word_1_126' title='bbox 644 3803 733 3868; x_wconf 79' lang='lat' dir='ltr'><strong>Cast.</strong></span> <span class='ocrx_word' id='word_1_127' title='bbox 757 3803 853 3870; x_wconf 79' lang='lat' dir='ltr'><strong>abeat.</strong></span> <span class='ocrx_word' id='word_1_128' title='bbox 896 3807 1038 3874; x_wconf 88' lang='lat' dir='ltr'><strong>Omnino</strong></span> <span class='ocrx_word' id='word_1_129' title='bbox 1061 3809 1327 3873; x_wconf 77' lang='lat' dir='ltr'><strong>Strutltiocalattns</strong></span> <span class='ocrx_word' id='word_1_130' title='bbox 1348 3799 1537 3888; x_wconf 79' lang='lat' dir='ltr'><strong>legendum,</strong></span> <span class='ocrx_word' id='word_1_131' title='bbox 1560 3801 1633 3867; x_wconf 84' lang='lat' dir='ltr'><strong>licet</strong></span> <span class='ocrx_word' id='word_1_132' title='bbox 1652 3803 1801 3892; x_wconf 76' lang='lat' dir='ltr'><strong>ignotum</strong></span> <span class='ocrx_word' id='word_1_133' title='bbox 1821 3829 1938 3870; x_wconf 85' lang='lat' dir='ltr'><strong>nomen</strong></span> <span class='ocrx_word' id='word_1_134' title='bbox 1960 3811 2008 3872; x_wconf 87' lang='lat' dir='ltr'><strong>sit.</strong></span> 
     </span>
    </p>
   </div>
   <div class='ocr_carea' id='block_1_8' title="bbox 432 3927 2077 4238">
    <p class='ocr_par' dir='ltr' id='par_1_8' title="bbox 432 3927 2077 4238">
     <span class='ocr_line' id='line_1_22' title="bbox 432 3927 2076 4026; baseline 0 -26"><span class='ocrx_word' id='word_1_135' title='bbox 432 3932 466 4000; x_wconf 86' lang='lat'>2)</span> <span class='ocrx_word' id='word_1_136' title='bbox 496 3927 644 4012; x_wconf 80' lang='lat' dir='ltr'><strong>Quamvis</strong></span> <span class='ocrx_word' id='word_1_137' title='bbox 667 3947 788 4021; x_wconf 70' lang='lat' dir='ltr'><strong>spurtus</strong></span> <span class='ocrx_word' id='word_1_138' title='bbox 809 3960 945 4022; x_wconf 83' lang='lat' dir='ltr'><strong>nornen,</strong></span> <span class='ocrx_word' id='word_1_139' title='bbox 968 3941 1053 4026; x_wconf 86' lang='lat' dir='ltr'><strong>quod</strong></span> <span class='ocrx_word' id='word_1_140' title='bbox 1076 3941 1231 4004; x_wconf 80' lang='lat' dir='ltr'><strong>Gruterus</strong></span> <span class='ocrx_word' id='word_1_141' title='bbox 1254 3933 1368 4016; x_wconf 84' lang='lat' dir='ltr'><strong>hahet,</strong></span> <span class='ocrx_word' id='word_1_142' title='bbox 1391 3932 1513 3998; x_wconf 86' lang='lat' dir='ltr'><strong>nemini</strong></span> <span class='ocrx_word' id='word_1_143' title='bbox 1533 3955 1601 3997; x_wconf 89' lang='lat' dir='ltr'>non</span> <span class='ocrx_word' id='word_1_144' title='bbox 1620 3945 1733 4000; x_wconf 87' lang='lat' dir='ltr'><strong>notum</strong></span> <span class='ocrx_word' id='word_1_145' title='bbox 1755 3935 1811 4018; x_wconf 81' lang='lat' dir='ltr'><strong>sit3</strong></span> <span class='ocrx_word' id='word_1_146' title='bbox 1831 3935 1938 3998; x_wconf 86' lang='lat' dir='ltr'><strong>literae</strong></span> <span class='ocrx_word' id='word_1_147' title='bbox 1959 3946 2076 4018; x_wconf 79' lang='lat' dir='ltr'><strong>tamen,</strong></span> 
     </span>
     <span class='ocr_line' id='line_1_23' title="bbox 497 4035 2077 4132; baseline 0.002 -31"><span class='ocrx_word' id='word_1_148' title='bbox 497 4035 611 4117; x_wconf 80' lang='lat' dir='ltr'><strong>quibua</strong></span> <span class='ocrx_word' id='word_1_149' title='bbox 639 4053 715 4106; x_wconf 76' lang='lat' dir='ltr'><strong>nota</strong></span> <span class='ocrx_word' id='word_1_150' title='bbox 743 4056 880 4126; x_wconf 82' lang='lat' dir='ltr'><strong>constat,</strong></span> <span class='ocrx_word' id='word_1_151' title='bbox 910 4045 987 4108; x_wconf 81' lang='lat' dir='ltr'><strong>huic</strong></span> <span class='ocrx_word' id='word_1_152' title='bbox 1014 4044 1142 4107; x_wconf 81' lang='lat' dir='ltr'><strong>lectioni</strong></span> <span class='ocrx_word' id='word_1_153' title='bbox 1169 4052 1358 4131; x_wconf 80' lang='lat' dir='ltr'><strong>repugnant.</strong></span> <span class='ocrx_word' id='word_1_154' title='bbox 1411 4047 1506 4105; x_wconf 76' lang='lat' dir='ltr'><strong>Sturii</strong></span> <span class='ocrx_word' id='word_1_155' title='bbox 1527 4039 1655 4125; x_wconf 84' lang='lat' dir='ltr'><strong>quidem</strong></span> <span class='ocrx_word' id='word_1_156' title='bbox 1675 4039 1714 4102; x_wconf 82' lang='lat' dir='ltr'>ad</span> <span class='ocrx_word' id='word_1_157' title='bbox 1734 4041 1813 4102; x_wconf 86' lang='lat' dir='ltr'><strong>ostia</strong></span> <span class='ocrx_word' id='word_1_158' title='bbox 1834 4039 1940 4104; x_wconf 80' lang='lat' dir='ltr'><strong>Rheni</strong></span> <span class='ocrx_word' id='word_1_159' title='bbox 1966 4043 2077 4132; x_wconf 85' lang='lat' dir='ltr'><strong>populi</strong></span> 
     </span>
     <span class='ocr_line' id='line_1_24' title="bbox 493 4137 1780 4238; baseline 0.005 -40"><span class='ocrx_word' id='word_1_160' title='bbox 493 4137 584 4204; x_wconf 79' lang='lat' dir='ltr'><strong>fuere</strong></span> <span class='ocrx_word' id='word_1_161' title='bbox 604 4146 707 4223; x_wconf 84' lang='lat' dir='ltr'><strong>(Plia.</strong></span> <span class='ocrx_word' id='word_1_162' title='bbox 729 4153 757 4216; x_wconf 82' lang='grc'>3.</span> <span class='ocrx_word' id='word_1_163' title='bbox 775 4155 859 4230; x_wconf 84' lang='grc'>15),</span> <span class='ocrx_word' id='word_1_164' title='bbox 882 4149 938 4212; x_wconf 85' lang='lat' dir='ltr'>ted</span> <span class='ocrx_word' id='word_1_165' title='bbox 958 4149 1022 4212; x_wconf 86' lang='lat' dir='ltr'>hoc</span> <span class='ocrx_word' id='word_1_166' title='bbox 1043 4150 1113 4213; x_wconf 89' lang='lat' dir='ltr'><strong>loco</strong></span> <span class='ocrx_word' id='word_1_167' title='bbox 1137 4173 1256 4214; x_wconf 84' lang='lat' dir='ltr'><strong>nomen</strong></span> <span class='ocrx_word' id='word_1_168' title='bbox 1276 4150 1347 4216; x_wconf 86' lang='lat' dir='ltr'><strong>viro</strong></span> <span class='ocrx_word' id='word_1_169' title='bbox 1368 4148 1537 4238; x_wconf 84' lang='lat' dir='ltr'><strong>proprium</strong></span> <span class='ocrx_word' id='word_1_170' title='bbox 1558 4166 1626 4209; x_wconf 83' lang='grc'>3333</span> <span class='ocrx_word' id='word_1_171' title='bbox 1646 4144 1780 4208; x_wconf 83' lang='lat' dir='ltr'><strong>videtur.</strong></span> 
     </span>
    </p>
   </div>
   <div class='ocr_carea' id='block_1_9' title="bbox 436 4270 2080 4372">
    <p class='ocr_par' dir='ltr' id='par_1_9' title="bbox 436 4270 2080 4372">
     <span class='ocr_line' id='line_1_25' title="bbox 436 4270 2080 4372; baseline 0.002 -32"><span class='ocrx_word' id='word_1_172' title='bbox 436 4281 474 4352; x_wconf 89' lang='grc'>3)</span> <span class='ocrx_word' id='word_1_173' title='bbox 500 4270 594 4347; x_wconf 83' lang='lat' dir='ltr'><strong>Certe</strong></span> <span class='ocrx_word' id='word_1_174' title='bbox 613 4279 657 4340; x_wconf 78' lang='lat' dir='ltr'>ita</span> <span class='ocrx_word' id='word_1_175' title='bbox 678 4278 847 4368; x_wconf 83' lang='lat' dir='ltr'><strong>legendum</strong></span> <span class='ocrx_word' id='word_1_176' title='bbox 870 4304 931 4366; x_wconf 87' lang='lat' dir='ltr'>pro</span> <span class='ocrx_word' id='word_1_177' title='bbox 953 4279 1297 4370; x_wconf 74' lang='lat' dir='ltr'><strong>Gruterianosutapte,</strong></span> <span class='ocrx_word' id='word_1_178' title='bbox 1319 4295 1369 4365; x_wconf 85' lang='lat' dir='ltr'>et,</span> <span class='ocrx_word' id='word_1_179' title='bbox 1392 4285 1477 4372; x_wconf 86' lang='lat' dir='ltr'><strong>quod</strong></span> <span class='ocrx_word' id='word_1_180' title='bbox 1498 4281 1658 4370; x_wconf 80' lang='lat' dir='ltr'><strong>sequitur,</strong></span> <span class='ocrx_word' id='word_1_181' title='bbox 1678 4287 1804 4364; x_wconf 77' lang='lat' dir='ltr'><strong>sutapte</strong></span> <span class='ocrx_word' id='word_1_182' title='bbox 1827 4295 1947 4347; x_wconf 79' lang='lat' dir='ltr'><strong>natura.</strong></span> <span class='ocrx_word' id='word_1_183' title='bbox 1990 4279 2080 4344; x_wconf 82' lang='lat' dir='ltr'><strong>Cete-</strong></span> 
     </span>
    </p>
   </div>
   <div class='ocr_carea' id='block_1_10' title="bbox 497 4387 2077 4581">
    <p class='ocr_par' dir='ltr' id='par_1_10' title="bbox 497 4387 2077 4581">
     <span class='ocr_line' id='line_1_26' title="bbox 497 4387 2077 4480; baseline 0.001 -32"><span class='ocrx_word' id='word_1_184' title='bbox 497 4407 572 4448; x_wconf 87' lang='lat' dir='ltr'><strong>rum</strong></span> <span class='ocrx_word' id='word_1_185' title='bbox 596 4407 634 4448; x_wconf 88' lang='lat' dir='ltr'><strong>ex</strong></span> <span class='ocrx_word' id='word_1_186' title='bbox 656 4389 736 4450; x_wconf 80' lang='lat' dir='ltr'><strong>serie</strong></span> <span class='ocrx_word' id='word_1_187' title='bbox 751 4389 924 4456; x_wconf 81' lang='lat' dir='ltr'><strong>verborum</strong></span> <span class='ocrx_word' id='word_1_188' title='bbox 945 4387 1148 4480; x_wconf 82' lang='lat' dir='ltr'><strong>intelligitur,</strong></span> <span class='ocrx_word' id='word_1_189' title='bbox 1170 4389 1209 4456; x_wconf 83' lang='lat' dir='ltr'>ab</span> <span class='ocrx_word' id='word_1_190' title='bbox 1233 4405 1308 4478; x_wconf 80' lang='lat' dir='ltr'><strong>Apte</strong></span> <span class='ocrx_word' id='word_1_191' title='bbox 1331 4390 1402 4458; x_wconf 86' lang='lat' dir='ltr'><strong>duci</strong></span> <span class='ocrx_word' id='word_1_192' title='bbox 1424 4388 1573 4479; x_wconf 72' lang='lat' dir='ltr'><strong>syllabam</strong></span> <span class='ocrx_word' id='word_1_193' title='bbox 1590 4407 1655 4478; x_wconf 75' lang='lat' dir='ltr'><strong>pte,</strong></span> <span class='ocrx_word' id='word_1_194' title='bbox 1677 4410 1757 4476; x_wconf 75' lang='lat' dir='ltr'><strong>quae</strong></span> <span class='ocrx_word' id='word_1_195' title='bbox 1778 4387 1962 4476; x_wconf 73' lang='lat' dir='ltr'><strong>portaturis</strong></span> <span class='ocrx_word' id='word_1_196' title='bbox 1983 4388 2077 4452; x_wconf 85' lang='lat' dir='ltr'><strong>inter·</strong></span> 
     </span>
     <span class='ocr_line' id='line_1_27' title="bbox 497 4493 749 4581; baseline 0.016 -25"><span class='ocrx_word' id='word_1_197' title='bbox 497 4495 573 4557; x_wconf 85' lang='lat' dir='ltr'><strong>dum</strong></span> <span class='ocrx_word' id='word_1_198' title='bbox 594 4493 749 4581; x_wconf 83' lang='lat' dir='ltr'><strong>adjicitur.</strong></span> 
     </span>
    </p>
   </div>
   <div class='ocr_carea' id='block_1_11' title="bbox 429 4598 2077 4722">
    <p class='ocr_par' dir='ltr' id='par_1_11' title="bbox 429 4598 2077 4722">
     <span class='ocr_line' id='line_1_28' title="bbox 429 4598 2077 4722; baseline -0.004 -26"><span class='ocrx_word' id='word_1_199' title='bbox 429 4634 468 4702; x_wconf 79' lang='lat' dir='ltr'>t)</span> <span class='ocrx_word' id='word_1_200' title='bbox 490 4598 641 4696; x_wconf 80' lang='lat' dir='ltr'><strong>LiteraC</strong></span> <span class='ocrx_word' id='word_1_201' title='bbox 663 4631 696 4694; x_wconf 89' lang='lat' dir='ltr'>iu</span> <span class='ocrx_word' id='word_1_202' title='bbox 719 4643 793 4698; x_wconf 84' lang='lat' dir='ltr'><strong>nota</strong></span> <span class='ocrx_word' id='word_1_203' title='bbox 814 4635 983 4722; x_wconf 81' lang='lat' dir='ltr'><strong>perspicua</strong></span> <span class='ocrx_word' id='word_1_204' title='bbox 1004 4643 1060 4698; x_wconf 82' lang='lat' dir='ltr'><strong>est.</strong></span> <span class='ocrx_word' id='word_1_205' title='bbox 1103 4633 1172 4697; x_wconf 77' lang='lat' dir='ltr'><strong>Nisi</strong></span> <span class='ocrx_word' id='word_1_206' title='bbox 1192 4633 1291 4721; x_wconf 79' lang='lat' dir='ltr'><strong>igitur</strong></span> <span class='ocrx_word' id='word_1_207' title='bbox 1306 4641 1362 4700; x_wconf 79' lang='grc'>833</span> <span class='ocrx_word' id='word_1_208' title='bbox 1381 4639 1562 4712; x_wconf 74' lang='lat' dir='ltr'><strong>conditione,</strong></span> <span class='ocrx_word' id='word_1_209' title='bbox 1585 4639 1668 4695; x_wconf 85' lang='lat' dir='ltr'><strong>certe</strong></span> <span class='ocrx_word' id='word_1_210' title='bbox 1688 4635 1877 4698; x_wconf 65' lang='lat' dir='ltr'><strong>attritione</strong></span> <span class='ocrx_word' id='word_1_211' title='bbox 1897 4624 2077 4714; x_wconf 78' lang='lat' dir='ltr'><strong>legendum.</strong></span> 
     </span>
    </p>
   </div>
   <div class='ocr_carea' id='block_1_12' title="bbox 0 0 2397 5940">
    <p class='ocr_par' dir='ltr' id='par_1_12' title="bbox 0 0 2397 5940">
     <span class='ocr_line' id='line_1_29' title="bbox 0 0 2397 5940; baseline 0 0"><span class='ocrx_word' id='word_1_212' title='bbox 0 0 2397 5940; x_wconf 95' lang='lat' dir='ltr'> </span> 
     </span>
    </p>
   </div>
  </div>
 </body>
</html>
