4754 5940
1038 475 1347 564 ..606-

356 697 549 792 Punxit!
578 717 616 788 a)
640 710 702 778 279
916 688 1226 778 Purulentum.
1255 706 1316 773 299
1485 685 1638 772 Putor.
1668 701 1732 770 900

358 863 576 982 Pupillus.
605 873 666 940 279
921 859 1075 946 Purus.
1106 871 1168 938 292
1488 850 1636 938 Putre.
1669 865 1773 932 299’

361 1028 548 1145 Puppis.
573 1041 635 1108 290
926 1052 1024 1141 pus.
1054 1035 1116 1103 267
1492 1015 1720 1104 Putrescit.
1749 1034 1810 1100 277

364 1191 600 1310 ΡιιρῑιςίΑ
628 1207 690 1274 279
928 1191 1028 1274 Pus.
1058 1201 1119 1268 299
1495 1175 1742 1267 Putridum.
1772 1196 1836 1265 299
1965 1293 1967 1296 Ι
2031 1205 2036 1210 ·

366 1363 727 1476 Purgamentum.
757 1369 819 1438 207
931 1351 1159 1522 Ppsillppp.
1183 1361 1249 1469 ,²2⁸
1298 1459 1309 1511 1
1377 1457 1398 1510 ,ὁ
1497 1339 1722 1466 Pylades.
1752 1365 1788 1438 7)
1809 1361 1871 1432 279

764 1477 767 1486 ’
1002 1476 1042 1520 ur.
1113 1473 1240 1511 renrmu
1258 1476 1321 1511 mae
1337 1474 1381 1526 qus
1400 1473 1445 1510 nn.

366 1540 542 1654 purgat·
571 1552 632 1615 277
907 1533 1125 1620 ‘Pustula
1155 1545 1217 1609 299
1417 1557 1420 1564 ·
1497 1509 1624 1620 Pyra.
1653 1525 1715 1590 292

369 1697 669 1822 Purgaticius!
699 1661 787 1776 271·
936 1699 1077 1784 Putat.
1106 1709 1168 1774 262
1500 1677 1751 1799 Pyreneus,
1781 1693 1842 1760 299

1537 1806 1555 1840 0.
1575 1785 1744 1857 Pyrenaeus.

369 1866 641 1986 Purgayerit.
670 1879 731 1942 277
938 1857 1141 1948 Putealis.
1169 1871 1232 1936 299
1502 1857 1706 1981 Pyrina,
1732 1879 1766 1948 c)
1788 1874 1849 1940 293

372 2031 593 2122 Purificat.
623 2039 684 2108 299
937 2021 1125 2112 Puteoli.
1157 2035 1219 2100 299
1506 2020 1727 2145 Pyramo.
1757 2043 1795 2110 a)
1817 2040 1878 2105 207

372 2205 586 2314 Purpura.
616 2207 677 2272 260
939 2185 1145 2273 Putescit.
1174 2200 1237 2265 296
1407 2205 1411 2214 ’
1505 2180 1789 2310 Rfflln'cha,
1816 2203 1877 2267 293

372 2357 680 2478 Purpurarius.
710 2348 770 2436 297
939 2352 1081 2436 Putet.
1109 2365 1171 2425 900
1505 2345 1732 2472 Pyrrhus,
1764 2371 1797 2439 2)
1819 2371 1880 2434 279

374 2532 642 2642 Purpureus.
673 2533 733 2614 297
939 2512 1115 2593 puteus·
1145 2525 1208 2591 299
1506 2515 1762 2628 Pyrriclsta!
1783 2536 1830 2609 f)
1852 2499 1917 2598 209

372 2683 699 2806 Purpurissum.
726 2679 799 2763 299
939 2670 1164 2760 Putidum.
1193 2691 1255 2756 279
1506 2674 1836 2804 Pythagoras,
1865 2699 1927 2764 276

475 2875 564 2942 illum
593 2896 612 2934 7
639 2866 756 2953 syllaba
784 2873 849 2929 Pan
876 2859 1116 2924 descendentem
1147 2862 1259 2926 calami
1288 2865 1437 2948 ductum,
1464 2866 1526 2930 nisi
1554 2876 1564 2930 t
1593 2867 1651 2947 sit,
1682 2888 1882 2954 nequaquam
1910 2869 2063 2957 interpre

482 2988 540 3037 tarr
561 2995 673 3036 7077777.

419 3098 456 3168 a)
479 3090 605 3151 Praeter
628 3095 773 3168 Pupngit‚
803 3086 888 3170 quod
908 3108 1020 3149 verum
1041 3086 1131 3150 verbi
1154 3099 1256 3169 Fungo
1276 3088 1480 3172 praeteritum
1511 3099 1573 3169 est,
1604 3087 1713 3153 fictum
1742 3093 1833 3156 etiarn
1861 3099 2066 3182 praeteritum

482 3206 593 3265 Possit
614 3213 653 3255 eo
674 3188 806 3253 consilio
828 3191 972 3276 posuisse
993 3191 1139 3254 videntur
1158 3192 1360 3255 Collectionis
1383 3204 1546 3277 auctores,
1568 3198 1659 3260 utin
1682 3201 1863 3287 compositis
1885 3201 1966 3265 idem
1990 3216 2066 3267 tern-

480 3327 559 3396 pus,
581 3299 752 3400 praemissa
774 3305 894 3386 tentum
916 3296 1167 3384 praepositione,
1196 3295 1316 3362 facilius
1339 3311 1494 3364 notarent.
1557 3303 1651 3389 Apud
1675 3305 1847 3368 Gruterum
1870 3312 1980 3385 (131)
2001 3313 2068 3400 qui·

480 3415 552 3477 779777
582 3411 674 3473 etiarn
701 3417 886 3493 Erpupugit,
908 3416 1075 3490 llepupugr't
1097 3405 1254 3493 1'eperia83
1287 3407 1368 3471 liber
1390 3434 1467 3474 vero
1490 3410 1576 3476 Cass.
1594 3435 1660 3476 77077
1681 3414 1743 3477 nisi
1765 3425 1928 3500 Expunrit,
1951 3429 2068 3504 llepun·

393 3532 419 3602 ᾗ
481 3536 524 3590 sit
547 3521 651 3584 77777707.
1040 3591 1042 3594 ,

421 3647 456 3716 t)
483 3647 622 3702 Ptheredis
643 3634 727 3698 inter
746 3629 876 3698 nomina
896 3632 1025 3720 propris
1050 3631 1176 3720 legens,
1201 3641 1337 3720 Pyladem
1360 3634 1463 3697 notari
1488 3636 1619 3728 conjeci.

424 3766 457 3834 c)
480 3760 564 3822 lnter
587 3771 664 3846 Pyra
688 3768 718 3820 et
738 3768 853 3841 Regum
876 3753 959 3839 apud
982 3753 1154 3817 Gruterum
1179 3755 1294 3841 legitur
1320 3769 1446 3823 Praina:
1475 3757 1559 3840 quod
1581 3757 1653 3821 licet
1674 3769 1784 3822 notum
1807 3760 1844 3822 sit
1865 3759 2066 3844 vocabulum,

485 3864 602 3925 mirum
624 3874 728 3924 tamen
751 3861 813 3922 hoc
835 3861 906 3924 loco
928 3864 1029 3923 visum
1052 3873 1107 3924 est.
1165 3863 1271 3949 Quare
1293 3863 1449 3926 Graecum
1474 3861 1590 3944 Πυρίνη
1611 3862 1777 3924 Latinitate
1799 3861 1946 3924 donatum
1971 3864 2068 3932 suis'se

489 3970 662 4053 suspicatus
684 3969 827 4054 quidem,
858 3973 971 4056 cuique
993 3981 1098 4033 tumen
1120 3971 1257 4034 liberum
1277 3969 1314 4032 ‹le
1335 3969 1432 4033 dubia
1453 3968 1548 4054 hujus
1570 3979 1661 4030 notae
1682 3965 1815 4030 lectione
1836 3967 2002 4034 arbitrium
2026 3973 2069 4038 77-

488 4075 546 4138 oio.
590 4074 684 4140 Cous.
706 4077 799 4142 Silius
825 4077 889 4144 ltal.
914 4083 942 4144 3.
967 4081 1035 4144 tlt.
1059 4101 1122 4162 seq.

427 4204 466 4276 d)
490 4196 551 4314 Pro
563 4207 752 4366 d1’1'lr›rsrrzs'esrss,
779 4200 865 4285 quod
894 4198 977 4260 inter
1007 4197 1196 4296 morborum
1223 4200 1352 4265 nomina
1382 4202 1537 4268 Gruterus
1565 4195 1682 4281 babet,
1716 4195 1759 4263 ita
1788 4157 1959 4288 legendum
1989 4219 2068 4284 esse,

488 4326 541 4368 707
586 4327 605 4366 0
629 4306 683 4370 770.

427 4407 472 4508 a)¹
493 4427 567 4494 Non
598 4425 659 4491 nisi
687 4427 869 4512 conjectura
896 4435 959 4512 est,
988 4449 1049 4515 qua
1074 4427 1166 4494 lectio
1193 4453 1263 4497 mes
1291 4431 1411 4500 nititur.
1466 4432 1560 4502 Certe
1583 4431 1710 4523 ignotus
1733 4428 1814 4496 mihi
1838 4427 1922 4496 iuter
1942 4431 2072 4496 nomina

488 4539 619 4630 propria
640 4549 747 4610 Pinus.
