4752 5954
1094 668 1353 726 unx-

377 866 518 962 literis
541 866 644 972 TV',
667 881 718 954 ut
745 862 821 952 fiat
836 857 938 966 TY,
968 873 1034 948 est
1053 855 1256 957 mutatio,
1278 849 1436 942 eadem
1457 867 1523 940 est
1542 850 1593 938 in
1615 849 1736 942 notis
1775 848 1865 991 '12
1895 869 1940 941 et
1962 801 2084 1010 ‘lp-

378 1037 547 1151 Neque
575 1031 626 1120 in
647 1029 739 1118 levi
763 1045 938 1116 tantum
958 1023 1032 1112 vel
1060 1052 1177 1110 vana
1204 1018 1461 1130 conjectura
1485 1019 1573 1104 niti
1605 1015 1739 1128 hujus
1768 1017 1922 1106 literae
1954 1021 2090 1108 iuter.

378 1193 705 1314 pretationem,
741 1186 821 1280 sed
848 1208 1014 1278 certam
1041 1217 1139 1276 eam
1171 1215 1266 1276 esse
1287 1201 1347 1274 ‘ac
1374 1186 1686 1298 manifestam
1715 1205 1947 1290 notarum,
1979 1217 2090 1305 quas

383 1351 595 1460 exhibui,
645 1354 835 1472 analysis
862 1353 1048 1475 probat,
1097 1351 1226 1440 nullo
1262 1347 1451 1474 quidem
1482 1348 1623 1442 modo
1662 1382 1949 1480 processura,
2000 1351 2087 1446 hac

381 1517 510 1608 litera
532 1519 752 1644 neglecta.

502 1725 741 1847 singulare
778 1721 912 1811 etiam
943 1716 1143 1811 studium
1175 1749 1451 1840 operamque
1479 1715 1560 1808 diu
1587 1717 1748 1808 frustra
1771 1720 1907 1836 posui
1931 1723 1983 1810 in
2006 1726 2090 1814 sol-

384 1886 535 1982 venda
560 1889 731 1992 forma,
767 1917 857 2007 qua
890 1888 1159 2006 exprimitur
1181 1886 1349 2001 syllaba
1377 1915 1459 1975 ur:
1492 1915 1608 2006 quae
1636 1916 1779 2006 quum
1796 1889 1848 1974 in
1880 1889 2087 2008 pluribus

387 2055 725 2173 conspiceretur
751 2054 895 2164 notis,
923 2049 1085 2140 harum
1117 2047 1303 2140 taudem
1329 2051 1538 2139 omnium
1568 2051 1885 2146 similitudines
1912 2089 2092 2180 eompa-

386 2238 507 2310 ratae
539 2217 660 2310 riam
686 2215 984 2312 ostenderunt
1007 2217 1114 2310 satis
1145 2234 1319 2334 aptam,
1346 2246 1439 2342 qua
1468 2217 1561 2332 ejus
1590 2215 1860 2342 procederet
1884 2221 2088 2338 analysis.

386 2460 507 2556 Sunt
525 2473 680 2548 ‚autem
716 2401 869 2564 ’(Ῐᾷ
894 2373 986 2646 ἦ(
1008 2411 1156 2596 23,
1173 2435 1276 2602 ι’(
1303 2401 1386 2604 5,
1411 2451 1619 2560 ¹Iactura
1638 2461 1710 2578 (p,
1726 2459 1833 2581 196)
1863 2457 2090 2588 captura

386 2702 523 2818 (202)
561 2696 861 2822 Conjectam
885 2695 991 2818 (90)
1025 2690 1238 2790 Penuria
1263 2695 1401 2810 (ὕοι)
1433 2693 1629 2822 Pauper
1662 2695 1813 2815 (301).
1876 2700 2092 2792 Extrema

388 2868 597 2959 omnium
622 2861 785 2957 harum
804 2880 1018 2956 notarum
1046 2889 1147 2980 pars
1171 2876 1239 2950 est
1269 2859 1317 2946 R
1346 2857 1493 2971 litera,
1519 2861 1627 2953 satis
1646 2861 1863 2982 frequens
1885 2863 1938 2950 in
1964 2895 2093 2958 voca.

388 3029 523 3134 bulis,
542 3025 709 3144 syllaba
733 3052 784 3110 er
810 3024 1080 3136 terminatis3
1106 3023 1156 3111 id
1181 3023 1310 3143 quod
1329 3043 1464 3117 notae
1489 3016 1755 3162 docent‘l,
1805 2987 1977 3163 L‘L
2018 2987 2081 3174 Z
2192 3115 2195 3126 ,

393 3190 484 3284 Ter
502 3193 573 3308 (p.
589 3185 699 3300 584)
731 3182 864 3271 Inter
884 3181 1022 3302 (189)
1057 3181 1254 3274 Praeter
1275 3185 1412 3302 (292)
1454 3182 1656 3300 Propter
1679 3188 1787 3303 (292
1795 3186 1826 3294 ).
1904 3189 1949 3278 U
1980 3225 2089 3285 vero

388 3352 665 3480 prae-cedens
699 3347 817 3442 adeo
856 3338 1084 3467 comparet
1114 3345 1377 3456 distortum,
1421 3369 1472 3442 ut
1506 3349 1707 3469 speeiem
1739 3350 1894 3468 potius
1929 3353 2094 3450 habeat

345 3601 349 3612 ,
388 3523 545 3614 literae
582 3518 633 3624 S,
675 3513 876 3638 ideoque
908 3514 990 3604 rix
1016 3511 1333 3636 dignoscatur,
1372 3514 1466 3604 nisi
1498 3513 1554 3601 ab
1586 3513 1643 3603 iis
1654 3581 1669 3622 ,
1707 3514 1811 3634 qui,
1849 3515 2090 3630 literarum,

388 3681 815 3804 Merovingieorum
844 3705 1009 3800 regum
1043 3677 1357 3794 temporibus,
1395 3696 1440 3770 et
1475 3677 1613 3798 paulo
1647 3698 1777 3797 post,
1817 3680 2091 3793 usitatarum,

391 3852 518 3956 haud
542 3803 715 3974 ignari,
735 3843 857 3942 illius
888 3847 1060 3936 formae
1085 3841 1401 3950 meminerint,
1434 3874 1553 3966 quae
1585 3875 1643 3934 ex
1676 3843 1721 3942 ‘l
1759 3813 1990 3957 caudato,
2014 3884 2091 3943 ne.

392 4017 635 4144 gligentius
658 4015 784 4135 picto
821 4026 884 4124 ς,
929 4013 1097 4104 sensim
1126 4011 1363 4102 emanavit.
1421 4008 1528 4133 Qua
1558 4011 1745 4133 quidem
1776 4047 1826 4106 re
1854 4047 2092 4139 perpensa,

393 4209 590 4270 errorem
611 4175 918 4298 deprehendi,
941 4179 993 4266 in
1014 4209 1152 4299 quem
1176 4179 1386 4296 abreptus
1406 4207 1528 4284 sum,
1549 4197 1705 4270 notam
1731 4182 1973 4302 explicans,
2000 4219 2091 4306 qua

392 4341 581 4462 Pauper
606 4325 787 4432 notatur
814 4343 883 4461 ((ῐ.
899 4342 1031 4462 379),
1062 4339 1301 4460 depravata
1344 4339 1468 4459 apud
1488 4342 1835 4462 Carpentierum
1862 4351 1996 4461 (Tab.
2021 4354 2092 4465 ΙΙ)

391 4508 536 4598 forma
567 4510 756 4634 insuper
787 4505 1059 4633 impeditus,
1088 4538 1181 4630 quo
1215 4507 1368 4642 minus
1400 4540 1553 4624 veram
1583 4513 1842 4634 scriptionis
1870 4516 2092 4607 rationem

393 4669 705 4796 iptelligerem.
