4754 5940
1003 545 1316 664 ..539...

317 777 501 868 Pharao.
530 787 590 852 148
895 761 1178 855 Passienus.
1206 775 1328 860 88141
1464 759 1801 851 Philocitharis!
1832 779 1872 851 4)
1894 775 1955 842 218

314 942 491 1032 Pheres.
522 951 582 1016 267
892 925 988 1044 phi·
1017 943 1080 1008 2⁷⁰
1246 943 1249 948 '
1464 925 1857 1017 Philocitharistes.
1882 949 1911 1017 ι’)
1932 945 1995 1012 218

343 1053 429 1106 Filius
447 1051 537 1105 Judae
556 1063 589 1100 ex
622 1045 751 1098 Thamar.

309 1124 532 1212 Pharctre.
563 1135 626 1199 218
889 1097 1336 1214 Philadelphum.
1358 1121 1421 1190 290
1460 1103 1775 1200 Philodemus.
1805 1123 1866 1186 282

314 1282 785 1376 Pharetrazonium.s)
803 1291 865 1358 218
890 1268 1185 1359 Philidamusl
1217 1285 1278 1350 282
1460 1231 1737 1389 Philologus.
1768 1287 1831 1350 276

314 1449 590 1538 Pharisaeus.
624 1458 683 1521 144
888 1432 1168 1521 Philidorus!
1200 1450 1260 1514 244
1459 1435 1718 1526 Philomela.
1748 1450 1810 1516 282

300 1606 587 1704 Pharsalia.
617 1621 679 1686 296
886 1591 1446 1719 Philippopolensiumaea
1459 1598 1712 1698 Philonica
1734 1595 2014 1688 Pharsalia!

479 1789 488 1808 .
962 1775 970 1792 .
995 1777 1003 1795 .
1500 1717 1574 1782 818.
1597 1711 1917 1798 8888888848..

316 1787 545 1900 Ρ1888811811
569 1804 631 1872 228
886 1772 1139 1892 Phslrppus
1170 1795 1244 1864 288.
1271 1797 1336 1864 298
1461 1793 1757 1916 Philopator,
1786 1809 1849 1877 290

314 1954 537 2045 phaselus.
561 1965 628 2030 us
885 1934 1140 2124 Plglpgpp
1173 1954 1235 2018 1⁴⁰
1459 1959 1812 2077 Phflophasalia!
1842 1979 1875 2048 s>
1897 1975 1960 2042 us

354 2265 402 2344 f)
425 2259 494 2324 Nisi
516 2260 550 2320 in
571 2253 655 2320 nolis
676 2273 834 2340 nusquam
855 2251 1035 2342 reperitur,
1057 2255 1142 2340 quod
1167 2258 1259 2321 sciam
1270 2303 1281 2338 ,
1309 2255 1373 2320 hoo
1393 2252 1603 2333 vocabulum,
1629 2273 1667 2316 ex
1690 2253 1832 2338 Φαρέτρα
1856 2279 1928 2318 cum
1952 2257 2015 2319 za

421 2389 483 2430 νιον
518 2363 742 2451 compositum.
808 2357 960 2422 Pharetra
991 2359 1075 2422 enirn
1107 2383 1145 2424 ex
1171 2361 1314 2428 humeris
1341 2363 1497 2454 pendebat
1525 2362 1669 2441 (Herod.
1690 2369 1719 2430 7.
1736 2367 1816 2440 61),
1846 2365 1945 2429 immo
1973 2389 2012 2430 ex

423 2471 553 2563 cingulo
583 2471 697 2558 (Virg.
717 2472 798 2532 Aen.
816 2468 840 2529 Ι.
858 2471 957 2543 323).
1023 2467 1150 2530 Literae
1178 2469 1250 2552 ΡΗ,
1281 2496 1300 2534 8
1326 2472 1440 2560 quibus
1468 2471 1577 2556 incipit
1604 2480 1698 2551 noto,
1727 2469 1917 2556 prohibent,
1946 2494 2011 2558 quo

415 2582 521 2644 minus
544 2575 772 2656 Parazonium,
794 2583 825 2637 et
845 2573 1023 2638 terminatio
1048 2585 1128 2654 ium,
1150 2600 1214 2664 quo
1236 2580 1341 2644 minus
1363 2578 1580 2644 Pbaretratum
1600 2579 1752 2666 legamus.

358 2750 398 2828 g)
420 2739 470 2805 Ab
492 2739 518 2800 F
539 2737 651 2823 incipit
670 2745 762 2816 nota,
785 2734 875 2817 cujus
896 2731 923 2794 si
944 2729 1074 2794 brevior
1093 2729 1196 2819 prima
1216 2731 1298 2798 linea
1321 2743 1402 2815 8881,
1425 2734 1621 2799 commodius
1647 2731 1726 2796 PhN
1747 2731 1901 2821 legebam.

318 2993 321 3000 Ι
364 2908 404 2978 h)
429 2898 547 2964 Utrum
569 2898 727 2963 Graecum
749 2895 855 2984 Lyrae
885 2917 1109 2983 synnnymon,
1143 2914 1181 2955 ex
1203 2873 1305 2967 ullos¹
1323 2913 1396 2954 curn
1417 2886 1550 2972 11138888
1578 2891 1805 2978 compositum,
1836 2861 1877 2954 88
1904 2891 2010 2980 potius

421 3016 640 3088 Psiloeilharis,
664 3031 682 3070 8
703 3005 827 3090 «hilm,
848 3001 1018 3092 legendum
1041 3005 1095 3085 sit,
1119 3023 1230 3078 exea,
1254 3021 1334 3086 quae
1357 2998 1518 3085 sequitur,
1545 2995 1747 3060 annotatione
1768 2991 1906 3084 colligas.

360 3173 391 3243 ι’)
421 3166 580 3230 Graecum
600 3141 720 3228 nornen
738 3162 855 3226 Latino
878 3157 1038 3244 adscripsi.
1057 3185 1065 3196 =
1091 3155 1154 3220 Sed
1175 3176 1306 3234 vereor,
1335 3175 1376 3215 ne
1399 3150 1476 3216 18188
1498 3153 1538 3216 811
1557 3156 1642 3241 apud
1663 3155 1838 3220 Gruterum
1857 3159 2010 3245 interpre-

422 3274 509 3338 tatio.
561 3274 671 3362 Quum
699 3271 786 3334 enim
814 3269 922 3332 literae
945 3275 988 3333 Ph
1018 3277 1049 3328 et
1070 3275 1106 3332 Ps
1129 3287 1226 3328 unam
1247 3260 1441 3348 eandemque
1464 3259 1601 3345 liguram
1624 3260 1833 3326 Tironianam
1853 3261 2007 3347 habeant3
2070 3330 2073 3336 ,

425 3390 668 3449 Psilocithorisles
691 3379 784 3441 811888
804 3374 911 3460 legere
934 3373 1016 3436 licet.
1081 3372 1184 3460 Quam
1212 3368 1338 3456 quidem
1366 3367 1534 3431 lectionem
1555 3379 1590 3432 ut
1610 3367 1804 3454 praeferam,
1837 3367 2007 3434 Suetonius

417 3485 566 3566 (Domit.
587 3489 631 3564 ls)
660 3483 750 3564 facit,
783 3506 821 3546 88
849 3481 938 3566 cujus
968 3478 1051 3543 libro
1073 3477 1166 3564 plura
1189 3473 1329 3538 hausisse
1355 3471 1559 3536 collectionis
1587 3483 1753 3553 auctores,
1775 3474 2005 3562 saepenumero

420 3595 637 3659 animadverti.
702 3589 796 3654 Certe
825 3597 1088 3655 chorocitharistae
1118 3595 1149 3646 et
1179 3588 1426 3650 Philesitheristes
1453 3578 1487 3640 in
1516 3577 1709 3642 Collectione
1738 3599 1805 3643 8888
1833 3579 2006 3666 excipiunt,

423 3725 520 3791 oeque
542 3725 578 3766 ac
600 3699 770 3764 Suetonius
796 3703 1063 3764 chorocitharistas
1085 3700 1115 3754 81
1137 3695 1380 3756 Psilooithorislas
1405 3684 1518 3772 jungit.

364 3867 398 3938 1)
430 3857 515 3923 Cum
542 3866 635 3920 notae
656 3853 776 3935 forma,
807 3876 846 3918 ex
866 3852 949 3916 libro
972 3851 1059 3915 Cass.
1079 3849 1242 3914 8188881818
1250 3896 1260 3929 ,
1296 3849 1367 3911 88118
1391 3847 1538 3913 convenit
1561 3848 1751 3915 Gruteriana
1779 3851 2008 3940 interpretatio.

424 3965 623 4032 Antecedunl
657 3971 805 4051 Phrygia,
835 3974 924 4029 Asia:
954 3961 1095 4049 sequitur
1116 3968 1269 4034 Phosalio.
1295 3983 1356 4048 pro
1387 3981 1450 4048 quo
1478 3958 1649 4048 legendum
1671 3983 1739 4026 8888
1759 3971 1933 4032 Pharsaliae
1955 3987 2010 4028 on·

427 4075 499 4158 jeci.
543 4073 630 4136 lstud
650 4095 728 4138 vero
750 4081 988 4158 Philophasols'a,
1009 4071 1151 4158 quamvis
1174 4077 1411 4154 Philophorsallo
1429 4065 1533 4157 legas,
1553 4067 1768 4136 inextricabile
1789 4076 1936 4162 aenigma
1956 4083 2012 4138 est.

427 4181 551 4268 Quodsi
578 4192 672 4245 88188
696 4183 876 4246 1888188118
898 4182 1022 4268 integra
1043 4179 1196 4246 servanda
1218 4177 1275 4258 sil,
1297 4177 1443 4265 equidem
1464 4187 1616 4246 Philonieo
1637 4189 1793 4248 Pharsalia
1813 4184 2012 4268 interpreter,

426 4295 462 4348 ut
490 4296 582 4349 error
611 4288 649 4350 811
676 4291 835 4369 auctoris,
869 4289 925 4376 qui
947 4295 1130 4354 Philonicum
1153 4285 1310 4363 (visum)
1333 4293 1519 4354 Pharsalium
1541 4286 1624 4376 apud
1647 4285 1782 4354 Plinium
1806 4291 1860 4364 (8-
1885 4289 1950 4362 42)
1971 4285 2010 4346 18.

420 4410 500 4476 gens
511 4436 522 4470 ,
555 4393 588 4455 isl
615 4415 733 4456 nomen
753 4393 865 4480 populi
895 4395 1106 4481 compositum
1128 4411 1195 4455 esse
1216 4394 1389 4476 putaverit,
1419 4395 1648 4484 regionemque
1678 4393 1804 4458 finxerit
1833 4399 2013 4458 Philonicum

385 4503 387 4508 ’
423 4503 621 4567 Pharsaliam.
666 4501 724 4564 Sin
752 4521 897 4562 errorem
922 4521 989 4563 esse
1016 4501 1050 4562 in
1070 4508 1162 4561 notae
1183 4493 1404 4562 terminatione
1425 4529 1445 4566 8
1466 4483 1728 4584 81818888118881,
1751 4499 1842 4564 8818
1863 4526 1896 4566 us
1916 4507 2014 4560 18888-

424 4596 576 4681 1888818,
609 4603 808 4671 commodior
828 4603 922 4671 lectio
944 4617 1112 4676 Philoclem
1134 4611 1304 4672 Pharsalica
1323 4605 1393 4668 erit.
1725 4601 1728 4609 '
