4782 5944
1119 561 1429 676 ..465-

424 787 700 906 comportat.
730 799 772 866 79
893 889 896 896 ,
997 773 1316 891 Compasium?
1346 790 1387 857 79
1565 773 1823 892 Concerpit.
1851 794 1892 862 79

427 975 640 1089 Compos.
673 981 712 1072 79
992 889 1262 1048 cilitiiss'is
1564 959 1850 1074 Concerpsit.
1881 977 1922 1044 79

427 1135 700 1255 Composcit.
731 1148 773 1217 59
845 1137 850 1144 ’
995 1155 1095 1214 con.
1126 1140 1166 1208 52
1569 1127 1820 1212 concertat,
1855 1141 1897 1208 59

429 1309 627 1422 Compos
647 1295 823 1388 mentis.
846 1312 887 1380 79
994 1293 1204 1378 Conatur.
1234 1306 1275 1372 51
1295 1401 1301 1407 Ι
1568 1289 1807 1377 0011cessit⁸
1843 1305 1884 1372 52

430 1464 724 1586 Composuit.
742 1478 784 1544 79
996 1456 1312 1544 Concelelacit.
1341 1473 1394 1540 99
1569 1448 1778 1544 Concha.
1805 1472 1846 1541 59
1884 1451 1887 1456 ’

428 1631 727 1752 compotum!
754 1647 786 1722 ³)
814 1641 855 1706 79
996 1621 1372 1708 concalefactam.
1398 1637 1440 1704 59
1574 1615 1904 1744 Conchylr'um.
1933 1643 1973 1709 59

429 1805 762 1920 comprecatur.
792 1809 834 1874 99
997 1787 1312 1874 Concalefecit.
1339 1802 1383 1867 60
1568 1783 1794 1875 Concidit.
1826 1805 1866 1870 57

430 1958 852 2093 comprehenderis.
877 1976 917 2047 97
997 1953 1352 2048 concameratio.
1383 1974 1423 2042 77
1568 1951 1944 2048 Conciliabulum.
1974 1979 2014 2094 ⁵?
2136 2014 2141 2024 .

430 2125 800 2252 comprehendit.
830 2145 871 2218 97
996 2120 1290 2214 concalescit.
1319 2143 1362 2214 59
1554 2121 1840 2208 Concilium.
1873 2139 1915 2205 59

430 2298 715 2418 Comprimit.
745 2316 787 2392 78
996 2290 1319 2382 concaluisse
1568 2289 1827 2456 Coppingit.
1857 2309 1899 2376 95

433 2482 721 2603 Comprobat.
753 2499 794 2574 79
1000 2473 1253 2589 Concapsa!
1280 2493 1312 2564 o
1348 2491 1387 2560 77
1573 2409 1808 2561 0199919119
1810 2440 1816 2453 ’
1831 2403 1884 2550 ii

432 2647 778 2771 Comproperat!
808 2663 851 2738 99
1001 2640 1338 2732 concatenatio
1364 2657 1403 2728 75
1570 2640 1879 2727 Concinmnn.¹
1913 2656 1953 2726 75

433 2814 844 2935 Compropinquat!
869 2828 911 2896 79
1001 2802 1237 2894 Concedit.
1266 2824 1308 2889 59
1571 2806 1760 2897 Concio.
1791 2824 1832 2890 59

432 2981 677 3098 Compulit.
707 2995 749 3060 79
1004 2972 1311 3063 Concelebrat.
1338 2992 1379 3058 59
1571 2972 1893 3060 Concionatur.
1924 2992 1966 3058 59
2103 2983 2107 2988 “

433 3143 754 3259 compunctio.
780 3155 820 3222 55
1004 3142 1276 3230 Conceritus.
1316 3163 1355 3228 75
1573 3119 1871 3256 concipicus

433 3313 690 3427 Computat.
720 3325 761 3394 79
1003 3307 1401 3436 conceptaculum.
1430 3321 1473 3404 59
1575 3306 1806 3402 Concisus.
1837 3323 1878 3394 59

433 3561 441 3576 ⁸
472 3498 507 3571 9)
536 3487 671 3574 Conjeci
690 3485 819 3574 quidem
842 3493 1019 3572 Computum
1040 3485 1211 3574 legendum
1234 3505 1320 3568 esse,
1344 3482 1398 3546 sed
1418 3482 1526 3546 medio
1545 3503 1625 3548 ,sevo
1640 3491 1813 3567 compotum
1835 3483 1927 3546 etiam
1948 3485 2051 3575 viguit
2070 3511 2131 3578 pro

535 3595 658 3662 Trnclu
678 3594 728 3664 rel
748 3593 904 3684 Regione.
953 3593 1003 3658 Ec
1030 3593 1130 3682 magis
1153 3602 1258 3657 eutem
1280 3592 1470 3657 Gruteriunu
1491 3589 1587 3660 lectio
1609 3590 1761 3660 servande
1783 3613 1850 3658 esse
1871 3592 2014 3676 ridetur,
2045 3597 2131 3686 quod

536 3713 576 3770 ln
597 3713 738 3798 Computa
761 3704 907 3793 proxime
930 3705 1083 3792 sequitur.

476 3846 508 3918 t)
528 3841 622 3929 Apud
650 3842 825 3913 Gruterum
848 3847 1001 3926 Coneapro
1026 3839 1136 3931 legens
1158 3861 1198 3908 ,99
1220 3837 1287 3906 sere
1306 3835 1458 3898 adductus
1480 3855 1584 3914 eram,
1614 3843 1651 3896 ut
1672 3832 1912 3922 intelligendum
1935 3855 2002 3898 9999
2025 3827 2129 3898 crede

371 3937 375 3944 ’
536 3970 606 4010 rem
625 3957 773 4011 vexatum
792 3947 871 4014 illud
891 3946 1103 4027 vocabulum,
1134 3947 1221 4034 quod
1242 3970 1280 4010 ex
1300 3943 1423 4032 legibus
1444 3945 1505 4010 Xll
1527 3944 1706 4010 tabularum
1728 3944 1837 4009 Festus
1860 3942 2038 4023 (Gotholr.
2059 3946 2128 4012 466.

537 4077 568 4120 v.
582 4057 626 4130 9)
652 4052 776 4141 prodit,
808 4061 951 4138 Concapu
977 4054 1138 4134 scribom,
1174 4056 1239 4120 sire
1266 4061 1430 4138 Concupes,
1459 4063 1495 4116 ut
1522 4052 1663 4139 Scaliger
1690 4049 1785 4139 legit,
1817 4051 1881 4116 sive
1915 4060 2064 4137 Concope,
2093 4061 2130 4114 ul

538 4159 754 4226 Gothosredus
778 4159 932 4248 (Frugm.
949 4160 1020 4224 Xll.
1039 4160 1101 4224 tnh.
1119 4159 1160 4223 Τ.
1179 4165 1237 4242 6).
1293 4161 1453 4250 Quoniam
1475 4169 1581 4227 autem
1602 4159 1678 4225 huic
1700 4171 1792 4225 nolae
1813 4153 1921 4225 eadem
1943 4161 2047 4226 forms
2069 4173 2126 4242 est,

540 4291 620 4356 quae
647 4279 741 4331 notae
765 4276 878 4354 Capsa,
905 4267 968 4329 nisi
998 4265 1084 4354 quod
1110 4263 1199 4330 litera
1225 4266 1248 4334 P
1271 4267 1393 4334 literam
1417 4269 1443 4334 C
1465 4277 1626 4358 persecet,
1657 4291 1757 4358 eoque
1779 4270 1809 4332 1.
1837 4269 2013 4357 primitivae
2035 4277 2129 4332 notae

536 4373 622 4440 addit
646 4383 690 4453 (9.
706 4378 804 4460 soon
827 4375 866 4440 de
887 4374 947 4438 9119
967 4375 1149 4459 conjectura
1170 4375 1360 4443 vocabulum
1377 4389 1556 4466 captentulc
1577 4380 1748 4466 proposui,
1772 4380 1857 4468 quod
1880 4380 1972 4443 eliam
1994 4403 2012 4443 9
2035 4387 2128 4464 Capio

538 4483 711 4549 descendit.
752 4483 837 4548 “Non
860 4495 965 4549 sutem
989 4493 1167 4570 captemula
1189 4489 1317 4576 scripsi,
1340 4512 1440 4577 quum
1460 4479 1495 4551 in
1515 4487 1627 4576 glossis
1651 4488 1779 4570 Isidori,
1811 4512 1887 4577 quas
1910 4490 2032 4578 saepius
2056 4511 2130 4553 cum

537 4590 721 4657 collectione
746 4615 927 4682 congruere
950 4593 1243 4680 animadvertimus,
1265 4598 1405 4685 legerem
1428 4605 1606 4685 Captentula
1630 4605 1754 4685 Captis,
1777 4597 1947 4687 cademque
1971 4595 2129 4664 scribendi

534 4703 617 4778 ratio
641 4704 675 4768 in
702 4703 808 4772 multis
831 4703 897 4769 aliis
922 4703 1035 4793 glossis
1058 4705 1144 4784 (vid.
1163 4704 1349 4794 Congium)
1371 4703 1419 4770 sit.
