4754 5940
417 803 591 922 Opilio.
622 819 684 886 256

419 971 626 1090 Opimus.
656 979 719 1044 255

421 1137 640 1253 Opinans.
668 1141 732 1210 256
849 1173 852 1178 v

420 1301 604 1416 Opinio.
635 1309 698 1376 255

420 1462 691 1583 Opitulatur.
716 1469 779 1537 256

419 1626 790 1748 Opobalsamum.
822 1633 885 1700 255

422 1780 627 1910 Oportet.
656 1803 718 1869 255

423 1959 671 2076 Opposum.
701 1970 763 2036 258

424 2119 719 2239 Oppianicus.
748 2132 808 2198 251

424 2284 709 2404 Oppidanus.
738 2299 800 2366 256

353 2481 355 2484 ·
424 2447 676 2568 Oppidum.
710 2464 774 2528 255

424 2614 723 2733 oppignerat.
753 2630 814 2696 152

426 2779 620 2899 Oppius.
647 2793 709 2862 256

425 2960 650 3076 Opponit.
679 2973 739 3038 255

289 3113 292 3118 ’
427 3124 667 3238 Opportat.
694 3141 741 3212 m)
768 3130 829 3196 255

382 3323 388 3330 ·
427 3285 792 3404 Opportunitate.
822 3292 884 3362 255

335 3487 355 3500 ‘
425 3453 739 3571 Opportunus.
768 3463 829 3531 254

1103 583 1412 692 ...574-

981 795 1225 912 Opposuit.
1255 813 1315 878 255
1549 797 1694 912 Opus.
1724 815 1785 879 255

983 957 1228 1076 Opprimit.
1258 977 1319 1042 255
1411 919 1413 924 ¹
1549 958 1846 1075 Opuscuium.
1878 983 1939 1047 255

984 1124 1309 1244 Opprobrium.
1335 1139 1398 1208 256
1554 1121 1685 1237 Opus
1699 1119 2031 1218 lithostrotum
2041 1149 2103 1216 256

984 1321 1080 1410 ops.
1108 1309 1170 1373 256
1549 1320 1612 1376 or.
1643 1305 1704 1370 sto

986 1456 1221 1575 Optabilis.
1252 1471 1316 1538 255
1550 1486 1639 1542 ora.
1672 1475 1734 1540 255

986 1621 1138 1738 Optat.
1168 1637 1229 1702 255
1550 1620 1759 1712 Orabilis.
1792 1641 1856 1706 256

987 1785 1252 1902 Optimates.
1280 1801 1344 1867 252
1551 1785 1809 1876 Oraculum.
1833 1807 1892 1869 255

987 1949 1174 2067 Optime
1187 1947 1243 2035 de
1257 1979 1290 2034 r.
1305 1977 1464 2066 pmer.
1475 1967 1537 2032 256
1551 1951 1673 2060 0555.
1699 1972 1763 2036 256

987 2116 1174 2233 Optime
1195 2113 1296 2200 der.
1307 2113 1431 2230 publ.
1445 2143 1524 2228 po·
1552 2101 1859 2206 Oratiuncula.
1884 2136 1943 2200 255

1012 2279 1528 2396 puliRom.meritus.250
1552 2278 1701 2370 Orbis.
1730 2298 1793 2363 265

989 2446 1175 2562 Optime
1198 2445 1395 2529 moritus.
1419 2464 1483 2529 256
1553 2441 1689 2530 Orbis
1713 2462 1938 2532 terrarum.
1967 2464 2030 2528 256

989 2609 1177 2726 Optimo
1197 2637 1342 2695 sanus.
1371 2626 1434 2692 256
1554 2613 1691 2702 Orbis
1709 2631 1855 2700 terrar.
1869 2633 1998 2704 totus,
2019 2634 2081 2699 257

990 2773 1180 2888 Optimo
1201 2777 1308 2876 iure.
1339 2795 1401 2859 256
1554 2777 1693 2868 Orbis
1719 2796 1849 2865 totus.
1877 2795 1939 2860 eo

1032 2885 1178 2953 (115535
1194 2885 1540 2956 01505555151121132.)

989 2955 1240 3070 Optimum.
1269 2972 1331 3037 219
1555 2957 1691 3048 Orbis
1711 2975 1829 3046 totus
1841 2977 1988 3046 terrar.
2017 2977 2078 3042 252

990 3119 1216 3234 Optimus
1242 3133 1306 3200 219
1556 3121 1748 3212 Orbitas.
1779 3141 1842 3207 265
1982 3141 1984 3146 ·

991 3284 1147 3402 Optio.
1176 3301 1239 3366 256
1556 3287 1720 3376 Orbus.
1745 3307 1809 3372 255

991 3448 1211 3565 Opulens.
1240 3468 1280 3538 n)
1305 3463 1367 3529 255
1561 3445 1997 3571 05512551ορ0105.,5)
2018 3471 2078 3538 255

525 3619 798 3700 antecedentibus,
828 3641 907 3708 ques
929 3641 967 3682 ex
991 3620 1294 3688 medicamentorum
1315 3643 1433 3709 genere
1457 3633 1539 3688 sunt.
1581 3623 1712 3688 Accedit
1734 3621 1760 3688 C
1780 3623 1886 3688 literae
1911 3623 2032 3704 forma,
2054 3623 2107 3688 cui

524 3744 726 3800 iannexum.
778 3727 871 3792 Unde
901 3735 1096 3814 omphacium
1124 3753 1191 3795 non
1220 3728 1355 3795 absurde
1377 3730 1482 3818 leges,
1513 3733 1550 3799 de
1573 3736 1661 3820 cujus
1684 3733 1718 3798 in
1739 3735 1894 3799 medicine
1916 3737 1947 3799 vi
1969 3733 2105 3797 Plinium

522 3837 687 3904 consulere
708 3836 790 3900 licet.

460 3979 507 4051 m)
526 3971 627 4036 Nobis
649 3969 735 4032 baud
753 3969 915 4058 cognitum
938 3979 985 4034 est
1006 3969 1070 4035 hoc
1086 3967 1238 4036 verbum:
1262 3971 1347 4058 quod
1368 3969 1394 4032 si
1416 3993 1566 4058 umquam
1589 3971 1749 4050 exstiterit,
1772 3969 1810 4030 ab
1834 3989 1872 4030 eo
1895 3989 1968 4030 sane
1987 3992 2105 4035 nornen

526 4091 715 4172 opportunus
731 4078 851 4143 ducere
877 4076 1021 4157 mollem,
1050 4099 1145 4164 quem
1167 4100 1188 4151 ,5
1210 4078 1324 4160 Portu,
1357 4080 1442 4164 quod
1470 4091 1599 4166 etymon
1625 4081 1801 4144 communis
1825 4077 1968 4142 omnium
1995 4082 2105 4168 opinio

524 4185 691 4252 substituit.

462 4319 560 4398 „2112
589 4315 670 4382 libro
697 4317 786 4382 Cass.
811 4327 966 4402 Opettens,
999 4325 1029 4380 et
1055 4337 1128 4379 sane
1156 4339 1194 4382 ex
1218 4330 1291 4405 Opes
1317 4345 1392 4388 cum
1421 4331 1531 4388 11511555
1561 4329 1667 4384 notem
1691 4322 1897 4410 compositam
1918 4342 2004 4404 esse,
2037 4345 2104 4386 non

523 4428 625 4494 solum
649 4427 714 4509 ejus
737 4424 840 4510 figura
864 4423 970 4503 docet,
994 4423 1055 4486 scd
1077 4434 1106 4486 et
1127 4424 1234 4508 locus,
1262 4431 1316 4516 qui
1344 4431 1373 4493 ei
1401 4431 1435 4492 in
1459 4427 1653 4494 Collectione
1680 4434 1857 4520 assignetur
1885 4445 1956 4521 post
1978 4445 2100 4500 Patiens.

519 4535 647 4596 Novum
669 4531 784 4615 igitur,
814 4531 913 4592 immo
939 4527 1051 4592 melius
1083 4525 1210 4615 etymon
1238 4545 1313 4600 note
1339 4533 1489 4620 praebet,
1525 4559 1620 4622 quem
1648 4537 1724 4604 illud
1748 4549 1845 4626 Opem
1867 4553 1992 4628 plenus,
2021 4539 2106 4628 quod

519 4635 621 4704 adhuc
649 4636 709 4706 viri
731 4637 813 4702 docti
833 4636 1045 4724 protulerunt.
