4752 5954
1021 674 1370 735 ...m-s

422 885 500 978 De
528 879 639 981 alio,
671 870 796 994 quod
821 902 879 961 ex
899 868 1160 988 linguarum
1183 856 1454 949 confusione
1475 853 1638 962 oritur,
1663 849 2007 972 impedimento,

314 1046 654 1161 necessarioque
680 1041 878 1126 Graecae
903 1035 1086 1153 linguae
1105 1020 1307 1118 subsidio
1331 1023 1383 1110 in
1408 1015 1687 1140 explicandis
1708 1019 1848 1126 notis,
1876 1037 2004 1137 supe·

311 1215 402 1304 rius
425 1207 489 1327 (().
506 1206 613 1327 292)
637 1201 747 1294 dixi.
805 1204 902 1293 lam
935 1226 1044 1304 vero
1068 1192 1284 1284 Lexicon
1308 1189 1483 1308 aptiora
1512 1183 1772 1318 suppeditat
1802 1183 2011 1302 exempla

311 1387 363 1472 in
382 1367 719 1468 notis¹⁹Aurtou
750 1377 810 1493 (p.
840 1371 906 1481 11)
940 1357 1132 1482 Ἑξήρης
1161 1359 1278 1474 (255)
1314 1349 1550 1476 Ἡπτήρης
1580 1357 1697 1471 (161)
1728 1357 2012 1480 Χαμαίςρω-

313 1575 394 1638 rou
417 1543 535 1664 (199)
574 1535 846 1662 Μονόβιβλοι
867 1537 984 1651 (222)
1013 1523 1394 1647 Μαμμόθρεπτος
1417 1523 1534 1644 (229)
1563 1523 1880 1646 Huiucsplrryc
1892 1523 2010 1646 (267)

316 1719 520 1836 Πίθηκος
551 1719 671 1828 (272)
712 1708 919 1825 aliisque,
969 1703 1133 1823 quibus
1171 1702 1276 1790 ver'e
1316 1694 1506 1784 Graeca
1526 1690 1771 1816 significari
1790 1697 1793 1703 ’
1811 1694 2013 1800 nomina,

315 1917 453 1978 nemo
482 1886 534 1970 iu
565 1879 757 1969 dubium
784 1873 978 1962 vocabit,

432 2071 564 2192 Quae
589 2096 731 2186 quum
755 2060 812 2150 de
839 2060 1070 2178 analyseos
1094 2059 1356 2151 difficultate
1380 2091 1480 2149 non
1502 2060 1592 2152 uisi
1616 2063 1880 2181 speciminis
1909 2065 2019 2160 loco

320 2229 441 2346 dixi,
472 2257 647 2326 tantum
680 2232 823 2334 abest,
853 2246 904 2315 ut
940 2229 1094 2318 omnia
1120 2229 1387 2346 protulerim
1420 2227 1581 2335 dubia,
1621 2249 1673 2320 ut
1705 2231 1846 2322 multa
1882 2235 2017 2328 etiam

318 2405 545 2527 supersint
568 2395 889 2489 afelicioribus
913 2393 1023 2483 olim
1048 2394 1327 2532 explicanda.
1377 2396 1528 2516 Atque
1548 2427 1609 2488 ne
1632 2395 1782 2491 desint
1799 2409 2018 2527 exempla,

317 2573 369 2660 in
404 2567 569 2691 quibus
599 2561 791 2656 studiosi
819 2563 996 2681 possint
1024 2559 1183 2675 judicii
1207 2591 1400 2652 acumen
1425 2593 1655 2672 exercere,
1685 2567 1911 2692 ablegatos
1941 2604 2019 2667 eos

319 2733 457 2826 velim
489 2728 545 2817 ad
575 2747 728 2832 notas,
759 2729 950 2844 quaein
982 2729 1252 2816 Gruteriana
1279 2731 1563 2820 Collectione
1589 2739 1657 2851 (p.
1679 2731 1763 2844 81)
1798 2765 1903 2825 cum
1923 2767 2021 2856 par.

319 2897 456 2986 ticula
484 2887 631 2978 Nihil
654 2892 932 3009 compositae
962 2911 1087 3004 suut3
1123 2891 1196 2979 vel
1220 2886 1277 2977 ad
1302 2919 1395 2997 eas,
1425 2922 1541 3010 quae
1572 2923 1629 2982 ex
1660 2894 1804 2984 verbo
1825 2891 2020 2990 Prosum

322 3077 388 3183 (p.
412 3064 462 3174 7)
495 3059 721 3180 originem
754 3077 1007 3162 traxerunt,
1059 3076 1337 3176 ceterasque,
1391 3085 1582 3179 quarum
1616 3055 1913 3172 characteres,
1957 3067 2021 3158 ob

319 3225 548 3319 brevitatis
572 3222 794 3327 studium,
824 3224 884 3309 ita
907 3239 1013 3310 suut
1039 3222 1206 3310 sensim
1235 3219 1492 3330 deformati,
1520 3239 1570 3314 ut
1594 3226 1674 3314 vix
1700 3222 1896 3316 discerni
1914 3259 2021 3349 que·

321 3412 410 3484 ant
469 3386 705 3502 Ejusmodi
726 3407 856 3477 notas
876 3389 927 3474 in
950 3405 1119 3504 partes,
1143 3385 1309 3503 quibus
1331 3406 1562 3512 constant,
1586 3384 1852 3493 dissolvere,
1874 3418 2021 3508 perar-

324 3559 413 3650 dua
440 3581 509 3644 res
546 3571 627 3657 est,
659 3581 794 3670 quam
819 3545 957 3636 nenio
984 3549 1077 3633 lere
1105 3578 1320 3669 umquam
1343 3551 1570 3671 perficiet,
1599 3553 1689 3643 nisi
1716 3551 1794 3643 cui
1822 3553 2022 3673 contige.

321 3727 399 3832 rit,
440 3743 491 3813 ut
527 3723 719 3840 primam
755 3717 1052 3810 obscurorum
1083 3713 1390 3806 characterum
1425 3718 1618 3808 formam
1655 3715 1846 3807 feliciter
1883 3735 2018 3806 eruat.

323 3911 592 4032 Exemplo
579 3913 670 4002 sint
693 3930 828 4000 110t³0
863 3861 1123 4062 ⁶<ss
1157 3871 1264 4056 2²
1285 3855 1660 4060 725³<
1688 3848 1844 4041 ss
1866 3861 1998 4066 T

327 4139 670 4338 χῶν(
694 4145 920 4508 ν-ἴ)
971 4172 1249 4302 pzueunque
1293 4173 1507 4296 (Lenp.
1539 4173 1650 4298 309)
1707 4175 2022 4307 Quaecunque

328 4401 446 4514 (5ιο)
488 4394 845 4526 Quocunque(
820 4424 902 4483 010
902 4387 1311 4517 )Cujzueunqzu,
1341 4391 1713 4520 Cuicunqucffid
1713 4393 2024 4526 maternum

329 4594 418 4687 quc
429 4564 546 4684 (5)09
579 4562 945 4690 Qteamcunqua(
930 4559 1045 4678 (310)
1030 4555 1365 4685 matronaque
1379 4555 1494 4674 (525)
1529 4551 1923 4687 Quibuscunquc(
1907 4560 1951 4673 5
1958 4559 2023 4666 ιο)

337 4721 702 4856 Qrubmcunque
729 4719 868 4820 rebus
887 4725 1005 4849 (529)
1050 4723 1297 4848 Utcunque
1327 4723 1446 4839 (407)
1492 4722 1868 4850 taotz‘escunpue
1896 4719 2026 4838 (529).
