4752 5954
1087 733 1145 750 -
1199 713 1279 776 xrv
1335 678 1404 746 ·-·-’

402 925 540 1026 ciant,
564 935 615 1006 ut
639 909 920 1006 subtiliorem
938 903 1219 995 Tironiauae
1242 895 1501 1018 scriptionis
1530 893 1843 1015 cognitionem
1870 887 1958 982 sibi
1980 923 2097 982 com.

395 1104 578 1210 parent,
604 1076 858 1199 quibusque
888 1071 1026 1160 literis
1044 1084 1190 1156 notae
1210 1055 1418 1182 primitus
1453 1060 1544 1148 sint
1578 1053 1796 1144 conflatae
1823 1059 2090 1180 intelligant,

395 1243 669 1374 principales
692 1265 845 1326 earum
857 1251 1004 1352 partes
1023 1227 1077 1318 ab
1102 1228 1357 1318 accessoriis
1381 1222 1526 1343 probe
1547 1219 1890 1344 distinguentes.
1933 1224 2091 1344 Quum

398 1417 598 1534 <lenique
619 1412 670 1497 in
693 1401 820 1495 omni
845 1400 1165 1518 scripturarum
1189 1417 1355 1514 genere
1370 1417 1453 1509 per
1473 1388 1701 1477 literarum
1723 1387 2095 1499 conjunctionem

395 1582 509 1676 adeo
541 1594 890 1687 nonnumquam
925 1559 1091 1654 similes
1128 1561 1237 1649 fiant
1270 1553 1462 1681 figurae,
1500 1569 1552 1644 ut
1581 1554 1660 1642 vix
1695 1551 1894 1643 discerni
1928 1576 2096 1675 queant

397 1751 462 1868 (ᾗ.
484 1743 599 1864 169),
625 1733 766 1857 idque
791 1735 842 1822 in
858 1728 1125 1820 Tironianis
1152 1729 1284 1816 etiam
1307 1722 1427 1815 notis
1454 1721 1659 1812 accidere
1682 1717 1844 1835 soleat;
1875 1717 1968 1834 ejus
1986 1753 2096 1844 quo.

397 1907 578 2036 querci
606 1905 828 1992 rationem
854 1894 1112 1988 habendam
1133 1919 1229 1984 esse
1253 1887 1387 1996 duxi,
1417 1887 1709 2010 saepiusque,
1737 1891 1864 1978 utin
1890 1892 2011 1978 viam
2032 1923 2096 1980 re·

397 2079 493 2170 dire
527 2070 704 2192 possint
733 2067 1006 2165 aberrantes,
1037 2053 1094 2148 de
1128 2051 1349 2144 similibus
1379 2055 1536 2144 formis
1578 2085 1656 2143 eos
1698 2052 1928 2164 admonui,
1999 2057 2096 2180 Qui

395 2245 533 2367 igitur
558 2239 748 2358 figuram
777 2263 860 2326 -ο
897 2220 1167 2347 quaesiverit
1199 2222 1250 2306 in
1279 2221 1366 2311 EO
1391 2223 1407 2334 (
1417 2250 1464 2338 p.
1491 2221 1613 2335 124),
1655 2251 1711 2309 ex
1746 2221 1905 2327 literis,
1936 2225 2091 2312 Italico

396 2407 648 2502 charactere
667 2387 963 2510 subscriptis,
1011 2381 1186 2476 videbit
1221 2405 1355 2506 atque
1390 2381 1635 2505 intelliget,
1678 2381 1870 2474 eandem
1902 2391 2095 2478 formam

397 2576 532 2664 etiam
554 2561 744 2682 reperiri
765 2563 816 2648 in
842 2557 932 2661 IO,
962 2554 1077 2658 LO,
1108 2569 1152 2642 et
1180 2553 1287 2643 TO.
1372 2549 1625 2658 Interdum,
1657 2554 1876 2672 quoniam
1907 2581 2094 2675 propter

399 2736 587 2832 duarum
609 2729 836 2816 literarum
849 2718 1195 2814 similitudinem
1219 2713 1411 2804 dubium
1437 2735 1547 2822 erat,
1573 2747 1665 2836 quo
1680 2720 1966 2835 potissimum
1989 2726 2092 2814 loco

399 2919 554 3004 notam
575 2885 764 3006 reperiri
791 2899 1055 3006 quaerentes
1074 2879 1413 2989 arbitrarentur,
1438 2901 1633 3004 utroque
1663 2917 1762 2976 eam
1782 2887 1885 2977 loco
1909 2885 2094 2979 inserui.

401 3061 615 3150 Ceterum
635 3051 672 3139 si
700 3047 781 3168 qui
803 3051 919 3136 forte
949 3063 1102 3148 erunt,
1133 3047 1214 3162 qui
1243 3043 1474 3164 ambiguas
1502 3046 1598 3136 illas
1623 3067 1833 3136 notarum
1852 3048 2019 3156 literas,
2044 3055 2096 3144 in

401 3213 568 3340 quibus
590 3207 869 3326 explicandis
890 3206 1104 3326 equidem
1126 3203 1390 3319 jamdudum
1415 3203 1623 3300 laborans
1650 3206 1830 3318 sudavi,
1848 3217 2007 3310 melius
2030 3223 2096 3311 in-

403 3392 730 3499 terpretentur;
759 3373 831 3464 his
849 3403 934 3492 ego
951 3369 1145 3464 libenter
1166 3375 1343 3484 cedam,
1373 3399 1417 3469 et
1441 3379 1636 3497 palmam
1658 3379 1923 3503 relinquam.

500 3567 555 3656 In
567 3563 714 3683 prima
726 3555 859 3676 hujus
871 3545 1040 3650 Leslici
1050 3579 1188 3681 parte,
1206 3555 1313 3682 quia
1334 3580 1546 3648 notarum
1564 3566 1824 3679 praesertim
1841 3559 2004 3690 figuras
2023 3602 2098 3664 ex-

400 3736 567 3854 plicare
587 3727 703 3818 mihi
721 3728 1008 3846 propositum
1030 3738 1141 3831 erat,
1169 3719 1282 3815 ordo
1311 3723 1541 3819 adhibitus
1564 3720 1642 3819 hic
1666 3751 1751 3824 est:
1781 3731 2093 3850 Exponuntur

401 3901 550 4019 primo
568 3891 672 3986 loco
690 3897 814 4015 ipsae
832 3915 967 3985 notae
989 3891 1282 4002 Tironianae‚
1303 3893 1430 4020 ligno
1452 3893 1633 3990 incisae.
1692 3893 1906 4023 Sequitur
1938 3934 2093 3995 earum

399 4064 602 4182 analysis,
622 4063 863 4177 majoribus
886 4063 1230 4184 minoribusque
1248 4063 1398 4170 literis,
1412 4085 1464 4154 ut
1491 4095 1626 4185 supra
1650 4065 1759 4174 dixi,
1780 4071 1957 4188 scripta.
2002 4073 2093 4161 Illis

400 4237 632 4330 distinctos
664 4253 708 4326 et
739 4251 915 4358 apertos
943 4228 995 4320 in
1018 4233 1139 4320 notis
1163 4229 1434 4319 characteres
1453 4223 1679 4347 indicavi3
1709 4227 1781 4324 his
1811 4267 1911 4324 non
1944 4234 2092 4327 solum
2197 4319 2207 4338 „

399 4404 614 4498 obscuros
659 4421 712 4492 et.
743 4387 977 4522 ambiguos
1024 4401 1163 4520 (quos
1205 4385 1392 4516 quidem
1424 4391 1605 4490 uncinis
1641 4393 1967 4513 circumdedi),
2011 4402 2091 4492 sed

398 4570 531 4665 etiam
552 4569 891 4660 terminationes
914 4583 1123 4654 notarum
1143 4557 1392 4660 mutabiles.
1435 4563 1659 4681 Adjicitur
1677 4567 1879 4692 denique
1899 4571 2092 4690 explica-

336 4831 339 4836 .
395 4736 461 4832 tio
494 4739 614 4857 ipsa,
667 4737 949 4828 Tironianae
991 4730 1340 4854 orthographiae
1368 4736 1544 4829 ratione
1575 4738 1656 4831 vix
1688 4736 1864 4846 habita,
1916 4741 2091 4861 quippe
