4754 5940
1090 615 1148 632 ...
1202 573 1286 684 644
1342 612 1400 634 ..-

406 777 647 872 Terarcusl
675 805 706 874 r)
729 797 789 864 555
972 785 1203 872 Tentansl
1222 805 1269 884 y)
1292 799 1354 866 555
1537 783 1809 876 Terricnlae.
1839 809 1901 874 555

333 1053 339 1062 ¹
409 943 610 1034 Tereba!
638 967 677 1037 u)
699 965 761 1028 555
972 947 1159 1034 Ternas.
1190 965 1252 1030 555
1539 949 1804 1070 Terrigena.
1839 977 1900 1042 555

408 1107 809 1198 Terebinthinum.
832 1130 892 1194 555
974 1111 1129 1197 Terra.
1160 1129 1222 1194 565
1541 1113 1749 1200 Territat.
1780 1136 1840 1201 555

407 1263 756 1366 Terebinthum.
788 1293 849 1360 372
973 1276 1117 1362 Terra
1137 1273 1273 1360 Italia.
1304 1292 1362 1354 555
1541 1275 1703 1362 Tersit.
1733 1296 1795 1359 555

408 1433 623 1526 Terebra.
652 1457 713 1520 551
973 1429 1117 1526 Terra
1139 1456 1289 1524 mater.
1320 1456 1381 1520 555
1539 1439 1694 1524 Tertia
1712 1441 1833 1525 feria.
1863 1461 1923 1525 555

406 1599 666 1691 Terentius.
696 1619 770 1691 559.
793 1624 921 1705 (stet)
974 1607 1222 1776 Ἑεπειέὺμηί
1237 1599 1381 1771 prlpipm
1392 1617 1459 1771 555
1540 1601 1745 1686 Tertiam
1765 1622 1949 1718 partem.
1975 1619 2034 1689 tet
2106 1693 2110 1700 ι

1035 1732 1058 1766 e.
1074 1729 1101 1783 g.
1156 1727 1182 1762 n.
1224 1728 1302 1778 ..p
1384 1749 1390 1766 .

408 1781 584 1900 Tergit.
612 1804 673 1868 555
974 1785 1151 1869 Terror.
1172 1780 1265 1862 orb.
1284 1797 1414 1864 totus.
1436 1800 1498 1862 555
1541 1779 1699 1866 Tertia
1721 1811 1834 1898 pars.
1863 1802 1923 1868 555

364 1921 370 1928 ’
409 1945 762 2060 Tergiversatur.
792 1965 852 2032 555
974 1947 1150 2029 Terrar.
1172 1957 1292 2028 totus
1316 1940 1411 2029 orb.
1429 1959 1492 2024 550
1541 1943 1793 2031 Tertiolus!
1824 1963 1886 2028 555

409 2107 554 2194 Terie
579 2123 642 2188 555
975 2105 1192 2190 Terrena.
1217 2122 1279 2188 559
1545 2104 1816 2196 Tertullius.
1843 2128 1905 2196 555

413 2271 764 2372 Termera-‘num
783 2295 822 2365 e)
843 2293 906 2360 555
976 2269 1245 2356 Terrenum.
1274 2289 1337 2355 559
1540 2270 1784 2358 Tertullus.
1813 2291 1876 2356 555

408 2437 715 2524 Termestum!
746 2457 807 2522 555
911 2511 916 2521 .
976 2434 1232 2522 Terrestris.
1266 2446 1328 2513 tet
1545 2431 1834 2527 Teruncim?
1862 2457 1924 2522 555

410 2600 696 2688 Terminalis.
727 2612 787 2676 383
978 2603 1155 2688 Terret.
1184 2621 1245 2684 555
1538 2621 1616 2690 tes.
1645 2617 1706 2682 584

413 2767 672 2854 Terminus.
704 2781 765 2848 555
976 2766 1223 2852 Terribilis.
1255 2782 1317 2847 555
1542 2768 1744 2856 Tesana!
1770 2789 1805 2860 ε)
1827 2785 1888 2852 555

451 2935 482 3004 t)
507 2940 663 3009 Tricrene,
692 2941 836 2995 Terareur
862 2905 948 3016 opud
970 2930 1143 2994 Gruterum
1165 2951 1232 2994 sese
1254 2929 1422 3014 excipiunt.
1472 2927 1552 2990 Illud
1574 2951 1673 3015 quum
1695 2937 1850 2994 Triareher
1873 2950 1939 2992 esse
1962 2929 2093 3014 conjice·

511 3055 600 3114 rem,
623 3034 686 3098 hoc
708 3044 879 3100 Tetrerrhes
900 3015 1121 3124 interpretalus
1144 3059 1225 3100 sum.
1275 3037 1337 3099 Sed
1364 3035 1562 3119 conjecturae
1592 3057 1705 3122 parurn
1735 3033 1817 3098 levet
1844 3034 2009 3120 utriusque
2036 3054 2093 3094 no·

514 3149 564 3201 tae
585 3139 706 3219 somne,
729 3163 809 3226 quse
830 3143 982 3227 primitivi
1003 3153 1033 3206 et
1054 3143 1184 3207 derivati
1205 3147 1351 3220 (tem)
1372 3143 1508 3228 speciem
1529 3141 1633 3206 habet.
1691 3143 1820 3206 Accedit
1841 3140 1926 3226 quod
1948 3148 2096 3205 't'rr'arclro

512 3239 574 3305 alie
602 3253 678 3306 nola
706 3255 849 3327 nolalur,
880 3259 911 3310 el
932 3259 1040 3329 Bieris,
1065 3261 1192 3330 Trieris,
1213 3259 1395 3335 Quamuis,
1419 3259 1614 3334 (2555555555νὶ5,
1641 3259 1776 3328 Hereris,
1798 3259 1947 3334 Hepterir‚
1971 3257 2097 3313 Penteris

513 3350 725 3436 praecedunt,
756 3364 786 3418 et
808 3363 1014 3440 catascopium
1036 3358 1186 3446 sequitur.
1238 3354 1344 3442 Quare
1366 3376 1452 3418 nuno
1472 3369 1659 3440 percussum
1680 3353 1800 3434 habeo,
1827 3352 1997 3440 legendum
2027 3372 2094 3414 esre

512 3455 768 3545 Τρισκαιδεκῆρης
789 3472 821 3526 et
840 3460 1075 3547 Τριακοντὴρης.

453 3583 493 3654 ιι)
515 3577 624 3663 Quum
647 3577 800 3682 legi-non
820 3580 920 3666 possit
942 3590 1085 3662 Terebra,
1107 3585 1192 3670 quod
1213 3585 1272 3646 elie
1291 3591 1367 3646 note
1387 3591 1534 3662 notatur,
1556 3577 1702 3668 equidem
1724 3587 1848 3646 Tribola
1868 3583 1980 3670 posui,
2009 3581 2093 3665 quod

516 3696 563 3749 est
583 3709 600 3748 5
624 3697 752 3751 Tritum.
795 3687 890 3751 Certe
913 3699 1030 3754 Tritum
1052 3690 1086 3752 in
1107 3689 1301 3754 Collectione
1326 3687 1493 3775 praecedit.

452 3822 491 3892 r)
511 3816 561 3878 Ex
581 3827 674 3880 notre
695 3817 915 3882 terminatione
938 3821 1017 3886 haec
1030 3821 1128 3886 lectio
1151 3826 1285 3911 cogitur.
1330 3825 1393 3890 Sed
1413 3847 1472 3912 per
1493 3845 1635 3888 errorem
1659 3825 1799 3910 positum
1820 3844 1886 3886 esse
1908 3851 1955 3887 um
1972 3844 2031 3908 pro
2054 3848 2091 3898 er,

517 3923 670 4006 suspicor.
715 3934 829 3994 Termes
850 3926 935 3988 enim
956 3925 1125 4015 Hispaniae
1148 3929 1397 3999 Tarraconensis
1420 3933 1572 4021 oppidum
1594 3943 1680 4014 erat,
1703 3935 1791 4018 cujus
1814 3932 1894 3996 cives
1920 3939 2090 3996 Termestr'm'

517 4032 704 4113 retroposita
725 4032 945 4098 terminatione
965 4045 1125 4100 notentur.

377 4155 381 4162 ’
448 4165 494 4246 y)
518 4157 628 4240 Notae,
651 4187 744 4248 quom
766 4190 804 4229 ex
825 4165 907 4229 libro
933 4167 1020 4232 Cass.
1037 4171 1173 4248 inserui,
1195 4171 1287 4234 lectio
1310 4173 1394 4235 hond
1415 4174 1509 4236 dubia
1530 4183 1593 4254 est,
1615 4173 1779 4260 arguitque
1799 4169 1935 4233 verbum
1953 4181 2091 4248 Temere,

515 4263 607 4329 nobis
630 4270 755 4354 quidem
775 4275 940 4360 ignotum,
963 4271 1017 4334 sed
1038 4273 1243 4362 probabiliter
1265 4276 1304 4338 rb
1326 4279 1459 4362 antiquis
1481 4291 1678 4366 usurpatum.
1716 4280 1858 4368 Namque
1881 4277 2092 4366 compositum

514 4380 694 4438 Conterncre
714 4375 859 4461 Hyginus
882 4376 946 4456 (de
967 4377 1055 4442 limll.
1072 4383 1156 4457 191)
1179 4381 1281 4462 hobel.
1374 4467 1384 4472 -

452 4511 488 4578 2)
512 4515 636 4570 Tittana
658 4507 722 4568 slve
746 4513 857 4570 Tirone
883 4505 976 4594 lego,
1003 4529 1066 4592 quo
1088 4509 1182 4572 medii
1203 4512 1271 4578 aeri
1293 4517 1460 4600 scriptores
1483 4538 1543 4601 pro
1565 4515 1706 4600 Πτισάνη
1735 4518 1786 4580 usi
1817 4527 1900 4580 sunt.
1952 4514 2090 4578 Isidorus

514 4613 590 4684 (20.
609 4613 639 4675 3.
656 4607 720 4687 l.):
744 4609 839 4676 Succi
859 4612 1060 4703 dicti,·quod
1083 4621 1427 4704 seceo'exprirnantur‚
1450 4633 1484 4686 ut
1506 4635 1640 4692 tissorrae.
1684 4623 1842 4690 Graecum
1864 4623 1955 4687 etium
1976 4619 2092 4704 Τισᾶνη
2137 4669 2140 4676 .
