4776 5964
1050 651 1109 677 ···
1163 609 1249 725 44Β
1304 653 1362 718 *n
1623 756 1628 762 ι

364 828 591 930 Bruccust
622 840 664 909 48
934 827 1126 923 Bubula.
1157 847 1200 914 50
1307 834 1309 837 ’
1518 823 1746 922 Bulimus.
1778 845 1818 916 46

368 995 594 1100 Bruchm.
625 1007 666 1074 49
935 998 1180 1095 Bubulcus.
1211 1012 1251 1081 45
1518 998 1672 1096 Bullit.
1701 1019 1744 1086 50

367 1165 602 1269 Bructini!
634 1179 673 1245 45
938 1164 1119 1256 Bubus!
1149 1186 1181 1257 t)
1204 1181 1246 1250 50
1520 1161 1689 1252 buuda.
1720 1186 1740 1249 4

372 1331 573 1432 Brucus!
603 1345 644 1412 49
939 1334 1107 1423 Β4444.
1136 1348 1176 1414 44
1522 1328 1790 1420 bundam.5
1887 1297 1891 1300 ’

372 1495 644 1600 Brodensis!
675 1509 716 1578 49
939 1497 1163 1592 Β4444114.
1195 1509 1236 1577 45
1523 1492 1793 1584 bundorum.
1820 1510 1882 1578 469

372 1660 733 1766 Brundisinus?
764 1673 804 1742 49
941 1662 1254 1754 Bucciferum!
1279 1687 1318 1760 u)
1341 1680 1381 1746 44
1523 1653 1684 1752 bundi.
1716 1679 1778 1746 466

484 1811 491 1818 ’
940 1830 1198 1920 Buccosus!
1229 1849 1281 1920 x).
1298 1846 1339 1914 49
1523 1827 1770 1918 bundibus.
1799 1845 1862 1912 969

941 1996 1154 2090 Buecula.
1186 2014 1225 2081 46
1523 1994 1797 2086 144444114164

941 2161 1133 2253 Bucina.
1163 2179 1203 2248 49
1524 2161 1801 2255 bundorum.
1831 2177 1893 2246 259

942 2329 1173 2420 Bucolica.
1203 2351 1242 2416 49
1273 2291 1295 2360 Ῠ
1524 2326 1839 2417 tundamus

942 2492 1170 2587 Bulensis.
1201 2513 1252 2584 46.
1283 2513 1325 2580 94
1523 2493 1720 2584 buudus.
1751 2514 1812 2577 444

475 2741 652 2832 adscripsit,
683 2758 720 2804 44
741 2731 863 2802 ratione
884 2735 919 2800 in
945 2747 1050 2825 psrtes
1078 2736 1228 2806 dissoluta
1255 2762 1322 2807 4444
1351 2735 1497 2824 videtur,
1518 2748 1556 2804 ut
1578 2757 1641 2825 ego
1666 2729 1811 2822 enslysin
1833 2735 1988 2820 apposui3
2024 2734 2080 2800 sed

475 2851 559 2919 nihil
578 2845 731 2934 impedit,
754 2845 925 2931 quominus
946 2844 1051 2910 literas
1073 2846 1225 2922 B(11)CT·
1250 2875 1288 2916 ex
1310 2854 1376 2938 ejus
1398 2850 1503 2916 1444444
1527 2847 1711 2928 eliciamus,
1740 2855 1771 2910 et
1802 2867 1840 2908 eo
1867 2843 2078 2910 confidentius

408 2996 412 3005 x
473 2962 618 3048 legemus
639 2965 798 3033 Bucetum,
820 2976 884 3042 quo
905 2954 1007 3042 aptius
1038 2955 1101 3018 hoc
1130 2959 1337 3046 conjungitur
1358 2959 1614 3028 antecedentibus
1647 2969 1679 3022 44
1700 2953 1967 3046 subsequentibus
1991 2965 2077 3022 Pam.

476 3081 579 3155 pinus,
602 3073 783 3153 Damasum,
807 3073 991 3132 Granorium
1015 3075 1216 3151 Duroeinum,
1239 3077 1381 3134 Rocemus
1402 3081 1535 3150 Folium,
1558 3080 1647 3151 Flos,
1669 3077 1802 3134 German.
1893 3065 1896 3080 ⁸

410 3226 445 3300 s)
473 3215 519 3280 lta
537 3211 719 3302 legendum.
750 3209 886 3276 'Bubon
906 3207 1069 3294 (βουβὼν)
1091 3215 1177 3275 enim
1196 3222 1306 3277 tumor
1328 3223 1374 3277 est
1395 3213 1549 3299 inguinis.
1592 3212 1664 3277 Hoo
1687 3235 1765 3279 vero
1789 3209 1982 3275 collectionis
2004 3209 2076 3275 loco

475 3325 513 3390 do
530 3318 687 3410 sepulcris
709 3320 834 3408 agitur,
863 3343 960 3406 quare
983 3319 1180 3396 commodius
1201 3329 1298 3404 Buba,
1326 3319 1469 3386 funebris
1491 3321 1555 3388 avis
1579 3321 1724 3400 (Plinius
1748 3325 1902 3404 1419),
1937 3319 2073 3408 legitur3

475 3433 514 3498 de
536 3454 599 3520 qua
619 3429 752 3496 Ovidius
775 3431 885 3510 (Met.
905 3436 935 3502 5.
956 3437 1042 3510 550)

437 3613 439 3619 Ι
571 3537 739 3628 Foedaque
764 3521 809 3604 sio
830 3539 969 3608 volucris
991 3539 1118 3608 venturi
1140 3538 1257 3605 nuncia
1277 3536 1379 3604 luctus

572 3647 708 3736 Ignotus
729 3647 838 3732 bubo,
862 3649 968 3716 dirum
987 3649 1176 3716 mortalibus
1199 3671 1303 3714 omen.
1372 3672 1376 3682 ·

411 3816 444 3888 t)
470 3808 567 3897 Apud
587 3807 750 3892 Plautum,
773 3809 924 3894 Livium,
939 3811 1146 3892 ¹Virronem,
1177 3820 1207 3873 44
1230 3810 1440 3876 Colmnellam
1465 3833 1527 3902 pro
1548 3819 1643 3880 Bolos
1669 3813 1792 3900 saepius
1819 3812 1938 3901 legitur
1959 3819 2073 3880 Bolus.-

450 3938 571 4004 ,quaro
597 3915 676 3979 illud
694 3915 865 4006 adscripsi.
924 3919 986 3984 Sed
1016 3916 1203 4008 scrupulum
1230 3913 1332 4001 injicit
1358 3929 1451 3984 notae
1479 3917 1603 4002 forma,
1633 3943 1712 4010 quae
1739 3920 1811 3986 loco
1838 3932 1980 4005 4444444444,
2009 3945 2073 4012 quo

474 4033 631 4114 punctum
658 4024 808 4110 ponitur,
842 4027 947 4092 differt
972 4029 1012 4092 ab
1033 4029 1108 4110 ills,
1142 4051 1205 4116 qua
1225 4036 1285 4094 Bos
1306 4025 1421 4110 (βοῢς)
1443 4029 1648 4119 significatur.
1714 4031 1824 4118 Quum
1846 4032 1932 4095 enim
1953 4031 2070 4099 diversi

473 4126 616 4213 ejusdem
642 4127 780 4192 nominis
813 4153 902 4195 cesus
930 4132 1043 4197 literali
1067 4133 1288 4198 terminatione
1316 4135 1433 4222 adjecta
1454 4149 1605 4204 notentur
1627 4147 1676 4218 (4
1691 4143 1800 4222 282),
1835 4139 1972 4206 derivata
1993 4162 2072 4206 vero

412 4305 415 4312 ¹
472 4232 606 4298 nomios
627 4245 747 4298 mutato
771 4245 893 4301 tantmn
913 4239 1025 4327 puncti
1054 4241 1117 4304 situ
1146 4241 1364 4330 significentur
1386 4253 1436 4322 (4.
1455 4248 1559 4330 275),
1591 4246 1738 4336 equidem
1759 4268 1820 4336 pro
1842 4253 1941 4311 Bolus
1963 4245 2069 4331 legen-

474 4335 551 4403 dum
574 4363 641 4405 esse
660 4353 791 4442 Boeotos
816 4343 959 4410 dixerim.

407 4499 448 4572 u)
470 4495 643 4573 Boeiferum
664 4517 683 4558 4
703 4504 803 4562 Basca
825 4517 910 4579 esse,
934 4519 973 4560 ex
994 4499 1076 4561 serie
1097 4497 1271 4566 verborum
1291 4495 1395 4586 pelam
1414 4493 1460 4559 fit.
1504 4495 1568 4560 Sed
1585 4481 1700 4564 vereor
1720 4519 1761 4561 444
1782 4519 1953 4590 perperam
1971 4499 2068 4566 144444-

416 4703 418 4708 ,
466 4623 542 4690 pres
564 4600 679 4689 legerit
699 4601 725 4668 F
746 4629 806 4696 pro
828 4607 882 4689 L,
906 4616 936 4672 et
958 4613 1146 4690 Rueeiserum
1166 4606 1367 4696 adscripserit
1387 4628 1448 4692 pro
1470 4616 1682 4676 Buccellatum:

404 4757 444 4831 e)
465 4749 617 4836 Ejusdem
640 4755 771 4844 originis
796 4765 864 4841 est,
887 4757 943 4828 sed
964 4757 1045 4826 milri
1065 4758 1223 4849 nanum
1267 4755 1412 4826 Fortasse
1433 4753 1518 4825 idem
1539 4753 1625 4842 quod
1645 4763 1752 4838 144444,
