4776 5964
1028 713 1092 770 ’..-
1142 705 1228 820 425
1285 751 1342 771 ..

255 983 263 1000 .
350 914 566 1038 Alvescit!
597 941 643 1013 m)
667 935 713 1000 ar
914 921 1127 1011 Amanet!
1167 937 1202 1017 ο)
1236 945 1279 1006 22
1393 881 1395 885 ’
1488 921 1852 1043 Ambigit..1ara

350 1061 884 1180 Alveumaosnoraao
915 1089 1220 1176 Amarantum.
1240 1110 1280 1186 p)
1302 1108 1344 1171 22
1488 1091 1780 1208 Ambiguum.
1809 1107 1849 1173 15

353 1241 564 1335 Alvs'mas.
593 1263 634 1326 21
797 1317 802 1329 .
917 1249 1083 1339 Amari.
1114 1265 1275 1336 222225
1421 1223 1441 1350 i,
1489 1253 1794 1342 Ambiorix.r

355 1411 589 1500 Alumuus.
620 1429 661 1496 12
882 1479 885 1486 .
918 1413 1083 1504 Amari.
1116 1437 1228 1501 (nom.)
1256 1431 1297 1494 22
1490 1417 1706 1505 Ambitio.
1736 1433 1756 1494 a

356 1577 559 1667 Alvolus!
589 1596 628 1658 21
919 1571 1198 1668 1112221ωᾶ2.
1229 1593 1269 1656 12
1490 1580 1830 1669 Ambitiosus,s

356 1741 508 1830 Alvus.
538 1763 579 1824 22
920 1703 1146 1830 Amamm.
1175 1756 1218 1818 22
1491 1744 1712 1834 Ambitus.
1741 1766 1774 1828 s¹

359 1924 491 1993 ama
920 1909 1111 2016 Amata
1492 1910 1706 1999 Ambos
1773 1962 1775 1966 ·

358 2072 484 2158 Ama.
511 2102 654 2168 (nmen)
681 2099 719 2169 n)
745 2095 786 2158 22
921 2072 1167 2159 Amator.⁵
1441 2149 1447 2160 ‚
1492 2071 1766 2162 Ambulats

360 2234 637 2324 Amabiliss
832 2355 834 2360 Ι
920 2233 1137 2322 Amazon.
1166 2250 1209 2316 26
1492 2241 1653 2328 Amen.
1678 2255 1720 2320 22

357 2399 807 2488 Amabilisfrater.1s
921 2399 1234 2487 Amazonicus.
1265 2413 1286 2479 2
1492 2404 1673 2492 Amans.
1704 2415 1747 2477 22

357 2564 884 2656 Α22212111221222122222.22
921 2554 1238 2651 Ambarvalia.
1271 2579 1309 2658 q)
1337 2581 1379 2646 2ο
1493 2566 1751 2654 Amentum.
1783 2581 1824 2643 22
1946 2653 1949 2658 ,

252 2833 254 2838 ,
359 2725 687 2818 amabilitas
865 2787 867 2792 .
921 2727 1133 2814 ambesa
1367 2782 1373 2816 ,ι
1492 2702 1750 2826 Ameriola.
1779 2747 1820 2812 22

360 2892 657 2983 Amasene
812 2875 814 2896 ¹
920 2893 1144 3012 Ambegit.
1176 2910 1216 2976 15
1489 2895 1992 3026 Amethysts'natum.r)
2006 2917 2048 2982 22

363 3057 597 3146 Amandat.
620 3077 665 3140 22
920 3059 1233 3148 Ambianus.t
1489 3061 1895 3190 Amethystinzsm.
1923 3089 1965 3152 22
2068 3113 2071 3126 ‹

397 3218 659 3295 annositatem
679 3219 823 3285 verbum.
878 3223 951 3308 Quo
973 3223 1079 3286 minus
1102 3223 1230 3304 autern,
1258 3226 1441 3312 permutatis
1463 3227 1560 3292 literis
1583 3227 1611 3290 V
1631 3238 1662 3290 et
1683 3227 1727 3309 B,
1749 3236 1876 3295 Atlescit
1895 3227 2049 3316 122211132-
2115 3311 2121 3323 .

465 3350 555 3410 mus,
586 3339 617 3392 et
644 3330 739 3392 series
766 3329 958 3412 verborum,
990 3343 1020 3394 et
1049 3328 1155 3394 lorrna
1180 3342 1329 3395 notarum
1349 3336 1441 3399 Altus
1466 3345 1496 3398 et
1517 3342 1636 3400 Albicos
1656 3332 1839 3420 prohibent.
1904 3335 2052 3402 Fortasse

468 3435 628 3502 descendit
648 3435 688 3500 ab
709 3449 815 3519 Alvus,
836 3461 934 3526 aeque
957 3461 993 3502 ac
1014 3450 1146 3505 Atrinus.

405 3560 445 3634 n)
465 3554 517 3617 Ad
536 3555 667 3618 nornine
687 3567 781 3638 Ana,
804 3568 916 3622 Amata
938 3556 1046 3644 Papias
1068 3555 1211 3619 adnotat:
1232 3555 1338 3635 „Vasa
1359 3566 1432 3620 sunt
1438 3603 1449 3637 ‚
1471 3556 1506 3653 in
1527 3555 1641 3645 quibus
1664 3577 1751 3619 22222
1773 3554 1889 3620 oblatio
1911 3559 2052 3622 contine-

468 3673 563 3748 „lun
605 3664 721 3730 Amuln
739 3664 846 3728 minor
866 3667 976 3729 Ama.''
1033 3665 1128 3730 Haud
1146 3662 1324 3728 barbarum
1347 3666 1401 3728 ssd
1422 3665 1560 3730 Graecae
1583 3663 1715 3752 originis
1739 3685 1857 3728 nomen
1878 3685 1945 3728 esse
1965 3677 2054 3744 Ama,

470 3773 601 3837 Vossius
626 3772 683 3852 (de
702 3773 756 3838 vit.
773 3795 866 3836 serm.
883 3773 965 3842 inl.
986 3773 1085 3860 Oper.
1106 3772 1144 3835 11.
1162 3775 1241 3848 353)
1262 3771 1363 3837 docet

407 3900 443 3971 ο)
466 3905 613 3974 Anemo,
634 3892 784 3958 aeonia&
806 3894 1071 3973 (612221122222
1093 3893 1164 3958 Lat.
1184 3888 1269 3978 apud
1290 3888 1478 3978 Congium).

410 4017 450 4096 p)
471 4009 569 4074 Utin
589 4013 694 4076 verbis
712 4014 836 4076 tertiam
855 4035 1043 4100 personam,
1087 4014 1130 4075 ila
1154 4013 1190 4074 in
1217 4009 1399 4074 nominibus
1427 4011 1639 4076 accusativum
1674 4027 1781 4072 casum
1810 4027 2055 4095 nonnumquam

475 4116 619 4202 posuisse
641 4115 833 4180 collectionis
855 4129 1015 4200 auctores,
1034 4118 1108 4182 'ideo
1129 4116 1304 4182 monendos
1325 4139 1393 4182 2222
1414 4119 1547 4183 lectores
1569 4115 1736 4180 arbitratus
1759 4135 1848 4193 sum,
1870 4137 1912 4177 ne
1930 4137 2056 4202 semper

467 4219 540 4284 illos
562 4243 679 4307 genere
701 4223 869 4305 excidisse,
891 4224 970 4288 falso
993 4225 1051 4288 sibi
1073 4223 1290 4312 persuadeant.

369 4343 381 4426 s
413 4348 451 4429 q)
474 4341 620 4429 Optimae
645 4351 675 4404 et
696 4341 853 4407 evidentes
876 4354 950 4408 sunt
968 4342 1064 4428 hujus
1088 4343 1311 4408 emendationis
1333 4346 1482 4407 rationes.
1520 4353 1679 4411 Antieielis
1700 4347 1802 4424 enirn,
1823 4341 1905 4432 nihil
1925 4362 2057 4427 prorsus

477 4444 674 4534 significans,
705 4471 743 4512 eo
772 4451 872 4535 magis
899 4452 1165 4538 expungendum,
1201 4474 1264 4541 quo
1294 4451 1408 4514 certius
1434 4450 1513 4515 baec
1540 4465 1615 4517 nota
1643 4453 1682 4517 ab
1711 4453 1764 4516 illa
1790 4442 1980 4532 (1222222112,ἱ
1998 4471 2060 4538 qua

475 4564 592 4622 Arietis
613 4553 824 4641 significatur,
849 4579 946 4642 quum
969 4558 1073 4645 quoad
1094 4557 1245 4641 formam,
1267 4571 1334 4623 turn
1356 4559 1460 4648 quoad
1481 4561 1546 4626 vim
1568 4573 1599 4626 et
1617 4569 1812 4650 potestatem.

418 4684 453 4757 r)
475 4677 583 4763 Quum
605 4674 642 4736 de
659 4671 825 4737 coloribus
848 4673 910 4738 hoc
931 4674 1121 4740 collectionis
1143 4677 1213 4742 loco
1235 4688 1363 4765 agebar,
1391 4700 1451 4764 pro
1475 4691 1671 4759 Amisextam,
1699 4684 1926 4755 Amitestinuns,
1952 4671 2060 4762 legen-

479 4783 556 4853 dum
579 4803 646 4849 esse
667 4789 919 4870 Amethystinatus,
941 4790 1227 4868 Amethystinatum,
1248 4783 1370 4850 nemini
1390 4775 1525 4850 2121211222
1545 4786 1614 4849 erit.
