4752 5954
1042 673 1339 732 ‘'XII-¹·

221 883 229 892 ’
327 871 378 966 H
380 897 508 960 arum
534 867 744 961 omnium
767 863 915 986 prima
927 889 1030 980 pars
1055 859 1187 949 facile
1210 855 1505 982 adgnoscitur
1529 883 1586 942 ex
1610 849 1893 969 simplicibus
1913 851 2036 942 notis

330 979 2019 1204 «caess-suomet}

337 1233 457 1362 Quis
479 1225 597 1342 (302)
640 1221 774 1348 Quae
793 1217 910 1334 (310)
953 1215 1056 1343 Quo
1075 1216 1194 1329 (504)
1230 1209 1383 1334 Cujzu
1401 1211 1489 1324 (65)
1514 1208 1609 1300 Cui
1623 1212 1712 1326 (64)
1755 1209 1902 1338 Quem
1921 1211 2041 1324 (302)

339 1401 500 1532 Quam
516 1393 633 1509 (504)
670 1388 780 1515 Qua
799 1383 916 1501 (504)
960 1374 1144 1507 Quibus
1170 1377 1290 1498 (509)
1331 1367 1516 1496 Quibus
1532 1367 1671 1466 rebus
1692 1373 1810 1488 (508)
1851 1371 1918 1462 Ut
1940 1373 2041 1494 589)

343 1557 540 1685 Quoties
561 1552 709 1670 (509);
739 1549 822 1668 qui
845 1575 955 1634 vero
979 1545 1056 1630 liat
1088 1560 1140 1630 ut
1169 1573 1252 1659 per
1275 1539 1492 1653 adjectam
1515 1561 1702 1630 tenuem
1726 1541 1850 1627 illam
1873 1539 2042 1628 lineam

335 1725 409 1818 his
435 1721 625 1812 addatur
647 1735 851 1840 cunque,
877 1709 1002 1800 haud
1023 1711 1265 1830 quisquam
1286 1708 1536 1830 intelliget,
1577 1709 1669 1798 nisi
1699 1739 1806 1796 cum
1847 1737 1900 1796 ea
1924 1738 2044 1796 com·

338 1883 563 2006 paraverit
591 1898 748 1970 notam
773 1886 861 1982 <s
897 1874 1018 1964 Cum
1040 1874 1155 1993 (52),
1183 1877 1235 1962 in
1268 1874 1461 1966 eandem
1481 1895 1669 1966 tenuem
1689 1876 1856 1966 lineam
1878 1907 2046 1967 exeun·

340 2071 460 2162 tem;
500 2048 597 2152 cui,
626 2065 678 2136 ut
708 2062 893 2134 notetur
922 2041 1157 2167 Cumque,
1195 2039 1330 2153 adjici
1363 2059 1515 2160 potest
1544 2065 1787 2160 punctum,
1830 2045 2046 2161 syllabam

351 2214 452 2342 Quo
484 2211 745 2333 significans
771 2209 927 2330 (4⁰9)ss
956 2205 1007 2296 id
1036 2205 1163 2326 quod
1193 2207 1403 2325 exemplo
1434 2208 1675 2298 illustratur
1701 2231 1912 2300 notarum
1951 2159 2041 2339 ζ

351 2373 562 2508 ῼιιωιιίο
603 2351 733 2514 ὤ
778 2369 1172 2498 Quandocunpue
1200 2373 1348 2488 (504).
1404 2374 1471 2462 Ita
1504 2376 1641 2464 etiam
1665 2406 1723 2465 ex
1755 2396 1864 2463 nota
1898 2375 2044 2500 (lurae,

348 2541 524 2658 adjecto
561 2537 707 2647 Cum,
732 2542 933 2658 primum
964 2539 1014 2628 fit
1041 2491 1182 2678 ΖΨ
1238 2536 1642 2664 Quaecumffiro).
1723 2543 1797 2629 Ex
1823 2539 1909 2628 hac
1937 2575 2047 2634 vero

169 2781 172 2788 ,
319 2674 458 2804 ‘nota
477 2704 647 2804 deinde
670 2705 836 2803 factam
858 2734 979 2810 csse,
1008 2702 1126 2793 mihi
1147 2703 1420 2823 persuadeo,
1444 2704 1576 2794 aliam
1602 2655 1752 2857 ΖΨ·
1796 2704 2050 2832 Quaecum·

350 2903 469 2996 que;
507 2874 707 2990 denique
739 2891 1014 2990 properante
1043 2868 1294 2962 admodum
1326 2873 1453 2978 stile,
1494 2901 1631 2992 quam
1672 2903 1800 2961 nunc
1829 2869 2051 2980 ridemus,

352 3054 510 3121 notam
535 2985 639 3181 2]
676 3031 1005 3157 Quaecunque.
1068 3038 1137 3120 Ea
1160 3065 1271 3120 vero
1305 3037 1612 3122 characterum
1647 3005 1894 3156 obscuritas
1920 3037 2052 3131 aliam

352 3195 584 3287 laboribus
608 3191 721 3285 meis
744 3190 889 3286 aturlit
912 3190 1246 3326 difficultatem,
1277 3192 1499 3305 ejusmodi
1527 3215 1679 3301 notas,
1714 3226 1797 3286 suo
1826 3229 2054 3322 quamque

354 3365 482 3470 loco,
510 3365 563 3452 in
586 3361 766 3454 Lexico
792 3354 1085 3478 disponendi.
1140 3360 1395 3464 Nimirum,
1424 3391 1517 3480 quo
1539 3361 1715 3452 facilius
1736 3369 1924 3482 reperiri
1953 3401 2055 3488 pos

356 3549 478 3638 sent,
509 3559 567 3620 ex
595 3525 803 3646 reliquis,
835 3524 1001 3644 quibus
1036 3521 1260 3638 adjectum
1289 3525 1488 3652 Curaque
1521 3529 1632 3619 olim
1655 3533 1933 3641 constiterat,
1961 3535 2056 3626 lite-

356 3699 418 3788 ris
444 3726 545 3786 non
571 3695 663 3783 nisi
692 3692 930 3783 clariorem
954 3693 1001 3779 U
1028 3692 1254 3810 respicere
1283 3690 1424 3779 licuit

381 3872 382 3875 ‘
470 3863 542 3972 ld
558 3863 680 3952 enirn
702 3862 913 3980 inprimis
939 3859 1058 3952 mihi
1082 3887 1214 3949 curae
1244 3858 1332 3947 fuit
1358 3860 1411 3945 in
1433 3859 1693 3979 apparando
1722 3863 1903 3956 Lexico
1924 3853 2056 3960 Tiro·

360 4033 525 4134 nian0,
561 4046 614 4115 ut
643 4025 917 4128 faciliorem,
965 4019 1118 4143 quoad
1153 4021 1253 4116 fieri
1283 4041 1459 4140 posset,
1505 4024 1598 4136 ejus
1639 4055 1772 4116 usum
1807 4027 2057 4122 redderem.

361 4199 455 4290 Vix
478 4191 631 4288 tamen
660 4193 821 4312 aliquis
853 4185 1095 4278 commode
1120 4187 1352 4306 libereque
1388 4219 1445 4278 eo
1475 4194 1545 4282 uti
1578 4197 1766 4312 poterit,
1795 4199 1885 4286 nisi
1914 4199 2056 4292 litera-

361 4389 490 4466 rum,
543 4355 709 4477 quibus
758 4372 896 4442 notae
944 4369 1176 4456 constant,
1220 4355 1484 4473 cognitione
1535 4357 1778 4448 instructus
1826 4364 2060 4450 accesserit

365 4527 428 4647 (ᾗ.
450 4525 510 4617 86
527 4567 587 4588 -·
614 4522 740 4636 rab),
766 4521 943 4640 quippe
976 4546 1035 4605 ex
1053 4515 1230 4606 illarum
1255 4517 1417 4609 ordine
1444 4521 1533 4610 hae
1557 4541 1663 4612 sunt
1684 4519 1906 4642 digestae,
1936 4519 2058 4646 dige.

365 4690 496 4820 rique
531 4686 617 4786 alio
648 4682 794 4787 ¹modo
830 4683 1021 4775 minime
1054 4701 1264 4804 poterant
1291 4682 1358 4803 (d.
1389 4712 1452 4774 ιο.
1472 4681 1568 4794 80).
1643 4683 1934 4806 Quapropter
1967 4720 2056 4782 nec
